60127110,0.03980000,984.90000000,39.19902000,1766880120560486,True,True
60127111,0.03980000,1083.00000000,43.10340000,1766880121208093,False,True
60127112,0.03990000,1500.00000000,59.85000000,1766880140336984,False,True
60127113,0.03980000,382.00000000,15.20360000,1766880184664811,False,True
60127114,0.03980000,379.10000000,15.08818000,1766880184666355,False,True
60127115,0.03970000,271.00000000,10.75870000,1766880327204252,False,True
60127116,0.03980000,3288.90000000,130.89822000,1766880337417887,False,True
60127117,0.03980000,1374.10000000,54.68918000,1766880337417887,False,True
60127118,0.03980000,3651.00000000,145.30980000,1766880337418037,False,True
60127119,0.03980000,256.00000000,10.18880000,1766880337418037,False,True
60127120,0.03990000,1550.00000000,61.84500000,1766880337418037,False,True
60127121,0.03990000,5012.50000000,199.99875000,1766880337418037,False,True
60127122,0.03990000,1754.50000000,70.00455000,1766880337418037,False,True
60127123,0.03990000,3773.00000000,150.54270000,1766880337418092,False,True
60127124,0.03990000,7377.70000000,294.37023000,1766880337418220,False,True
60127125,0.03990000,4152.30000000,165.67677000,1766880337418220,False,True
60127126,0.03990000,893.00000000,35.63070000,1766880337418220,False,True
60127127,0.03990000,6687.60000000,266.83524000,1766880337418334,False,True
60127128,0.04000000,5735.40000000,229.41600000,1766880337418334,False,True
60127129,0.04000000,1995.00000000,79.80000000,1766880337418334,False,True
60127130,0.03990000,5056.90000000,201.77031000,1766880337420996,True,True
60127131,0.03990000,2506.10000000,99.99339000,1766880337421222,True,True
60127132,0.03990000,4534.70000000,180.93453000,1766880337422340,True,True
60127133,0.03990000,4709.00000000,187.88910000,1766880337422379,True,True
60127134,0.03990000,4516.90000000,180.22431000,1766880337422379,True,True
60127135,0.03990000,17.80000000,0.71022000,1766880337422379,True,True
60127136,0.03990000,4769.80000000,190.31502000,1766880337422588,True,True
60127137,0.03990000,2455.50000000,97.97445000,1766880337422588,True,True
60127138,0.03990000,4050.00000000,161.59500000,1766880373490129,False,True
60127139,0.03990000,256.00000000,10.21440000,1766880373490129,False,True
60127140,0.04000000,1113.40000000,44.53600000,1766880373490129,False,True
60127141,0.03990000,256.00000000,10.21440000,1766880411104294,False,True
60127142,0.03990000,830.60000000,33.14094000,1766880411104294,False,True
60127143,0.03990000,161.40000000,6.43986000,1766880412264091,True,True
60127144,0.04000000,2901.10000000,116.04400000,1766880421110648,False,True
60127145,0.03990000,344.40000000,13.74156000,1766880426622648,True,True
60127146,0.03990000,1434.00000000,57.21660000,1766880427128182,True,True
60127147,0.04000000,362.70000000,14.50800000,1766880432252109,False,True
60127148,0.03990000,253.90000000,10.13061000,1766880433471031,True,True
60127149,0.03990000,1607.90000000,64.15521000,1766880439041344,True,True
60127150,0.03990000,1372.30000000,54.75477000,1766880439049957,True,True
60127151,0.03980000,549.00000000,21.85020000,1766880442973760,True,True
60127152,0.03990000,961.20000000,38.35188000,1766880474187157,True,True
60127153,0.03990000,1392.90000000,55.57671000,1766880474187157,True,True
60127154,0.03980000,360.40000000,14.34392000,1766880525267862,True,True
60127155,0.03990000,363.40000000,14.49966000,1766880527856912,False,True
60127156,0.03990000,1978.80000000,78.95412000,1766880540580247,False,True
60127157,0.03980000,1133.40000000,45.10932000,1766880724502905,True,True
60127158,0.03990000,1235.40000000,49.29246000,1766880877447992,False,True
60127159,0.03990000,472.40000000,18.84876000,1766880956013125,False,True
60127160,0.03990000,256.00000000,10.21440000,1766880956013125,False,True
60127161,0.03990000,3244.40000000,129.45156000,1766880956013125,False,True
60127162,0.03990000,157.00000000,6.26430000,1766880956013125,False,True
60127163,0.03990000,9304.20000000,371.23758000,1766880956017862,True,True
60127164,0.03990000,18472.50000000,737.05275000,1766880956017862,True,True
60127165,0.03990000,13843.90000000,552.37161000,1766880956019748,True,True
60127166,0.03990000,241.00000000,9.61590000,1766881022324438,False,True
60127167,0.03990000,121.20000000,4.83588000,1766881022324438,False,True
60127168,0.03990000,2588.00000000,103.26120000,1766881102770723,True,True
60127169,0.03990000,4050.00000000,161.59500000,1766881102770723,True,True
60127170,0.03980000,2007.20000000,79.88656000,1766881126931239,True,True
60127171,0.03980000,4677.20000000,186.15256000,1766881126931239,True,True
60127172,0.03980000,41194.60000000,1639.54508000,1766881126931239,True,True
60127173,0.03980000,368.00000000,14.64640000,1766881126931239,True,True
60127174,0.03980000,501.00000000,19.93980000,1766881126931239,True,True
60127175,0.03980000,921.80000000,36.68764000,1766881126931239,True,True
60127176,0.03980000,3576.70000000,142.35266000,1766881126932685,False,True
60127177,0.03980000,8683.70000000,345.61126000,1766881126932715,False,True
60127178,0.03990000,256.00000000,10.21440000,1766881127237508,False,True
60127179,0.03990000,1527.80000000,60.95922000,1766881127237508,False,True
60127180,0.03980000,1125.70000000,44.80286000,1766881272130019,True,True
60127181,0.03990000,1237.00000000,49.35630000,1766881313870586,False,True
60127182,0.03990000,2813.00000000,112.23870000,1766881397936102,False,True
60127183,0.03990000,1807.50000000,72.11925000,1766881397936102,False,True
60127184,0.03990000,1792.60000000,71.52474000,1766881547059029,False,True
60127185,0.03980000,4050.00000000,161.19000000,1766881760485951,True,True
60127186,0.03970000,4050.00000000,160.78500000,1766881760485951,True,True
60127187,0.03970000,4699.30000000,186.56221000,1766881760485951,True,True
60127188,0.03970000,13789.00000000,547.42330000,1766881760485951,True,True
60127189,0.03970000,1536.70000000,61.00699000,1766881760485951,True,True
60127190,0.03970000,1973.70000000,78.35589000,1766881760485951,True,True
60127191,0.03980000,362.20000000,14.41556000,1766881766981644,False,True
60127192,0.03980000,1527.30000000,60.78654000,1766881924589904,False,True
60127193,0.03980000,257.20000000,10.23656000,1766882212122516,False,True
60127194,0.03980000,376.80000000,14.99664000,1766882296261395,False,True
60127195,0.03980000,5025.10000000,199.99898000,1766882347450820,False,True
60127196,0.03980000,162.00000000,6.44760000,1766882347450820,False,True
60127197,0.03980000,186.00000000,7.40280000,1766882347450820,False,True
60127198,0.03980000,163.00000000,6.48740000,1766882347450820,False,True
60127199,0.03980000,187.00000000,7.44260000,1766882347450820,False,True
60127200,0.03980000,2522.00000000,100.37560000,1766882349229472,True,True
60127201,0.03980000,1500.00000000,59.70000000,1766882353391246,True,True
60127202,0.03980000,362.20000000,14.41556000,1766882371141149,False,True
60127203,0.03980000,362.20000000,14.41556000,1766882481290489,False,True
60127204,0.03980000,359.30000000,14.30014000,1766882490005847,False,True
60127205,0.03980000,362.20000000,14.41556000,1766882699405499,False,True
60127206,0.03980000,362.20000000,14.41556000,1766882711833431,False,True
60127207,0.03970000,4050.00000000,160.78500000,1766882854490299,True,True
60127208,0.03970000,23.20000000,0.92104000,1766882854490299,True,True
60127209,0.03980000,362.20000000,14.41556000,1766882965148285,False,True
60127210,0.03980000,419.20000000,16.68416000,1766883112747873,False,True
60127211,0.03970000,362.20000000,14.37934000,1766883355065739,False,True
60127212,0.03960000,317.20000000,12.56112000,1766883379350690,True,True
60127213,0.03960000,1028.50000000,40.72860000,1766883489966683,True,True
60127214,0.03960000,4050.00000000,160.38000000,1766883489966683,True,True
60127215,0.03960000,4789.40000000,189.66024000,1766883489966683,True,True
60127216,0.03960000,9808.20000000,388.40472000,1766883489966683,True,True
60127217,0.03970000,3687.80000000,146.40566000,1766883568019332,False,True
60127218,0.03970000,1165.90000000,46.28623000,1766883568019332,False,True
60127219,0.03970000,362.20000000,14.37934000,1766883586527223,False,True
60127220,0.03970000,382.10000000,15.16937000,1766883622227233,False,True
60127221,0.03970000,179.80000000,7.13806000,1766883622228537,False,True
60127222,0.03970000,202.20000000,8.02734000,1766883622228537,False,True
60127223,0.03970000,330.20000000,13.10894000,1766883622229018,False,True
60127224,0.03970000,362.20000000,14.37934000,1766883652100475,False,True
60127225,0.03970000,166.00000000,6.59020000,1766883676301051,False,True
60127226,0.03970000,166.00000000,6.59020000,1766883685972138,True,True
60127227,0.03970000,362.20000000,14.37934000,1766883807147416,False,True
60127228,0.03970000,362.20000000,14.37934000,1766883835360246,False,True
60127229,0.03970000,292.50000000,11.61225000,1766884030868914,True,True
60127230,0.03970000,151.20000000,6.00264000,1766884089659373,True,True
60127231,0.03980000,128.00000000,5.09440000,1766884096149287,False,True
60127232,0.03970000,139.00000000,5.51830000,1766884103428646,True,True
60127233,0.03970000,506.00000000,20.08820000,1766884123453585,True,True
60127234,0.03970000,3124.00000000,124.02280000,1766884126712567,True,True
60127235,0.03970000,818.80000000,32.50636000,1766884268072038,True,True
60127236,0.03970000,2878.20000000,114.26454000,1766884274146261,True,True
60127237,0.03970000,3535.50000000,140.35935000,1766884274146261,True,True
60127238,0.03980000,324.90000000,12.93102000,1766884299450686,False,True
60127239,0.03970000,563.10000000,22.35507000,1766884371161096,True,True
60127240,0.03970000,4866.80000000,193.21196000,1766884375161295,True,True
60127241,0.03970000,5462.70000000,216.86919000,1766884375163430,True,True
60127242,0.03970000,22021.00000000,874.23370000,1766884375163430,True,True
60127243,0.03970000,249.00000000,9.88530000,1766884375163430,True,True
60127244,0.03970000,149.00000000,5.91530000,1766884375163430,True,True
60127245,0.03970000,147.00000000,5.83590000,1766884375163430,True,True
60127246,0.03970000,149.00000000,5.91530000,1766884375163430,True,True
60127247,0.03970000,147.00000000,5.83590000,1766884375163430,True,True
60127248,0.03970000,149.00000000,5.91530000,1766884375163430,True,True
60127249,0.03970000,147.00000000,5.83590000,1766884375163430,True,True
60127250,0.03970000,1122.50000000,44.56325000,1766884378529226,False,True
60127251,0.03960000,299.00000000,11.84040000,1766884539137350,True,True
60127252,0.03960000,139.00000000,5.50440000,1766884548950941,True,True
60127253,0.03960000,140.00000000,5.54400000,1766884548950941,True,True
60127254,0.03960000,174.00000000,6.89040000,1766884548950941,True,True
60127255,0.03950000,53.00000000,2.09350000,1766884548950941,True,True
60127256,0.03950000,758.00000000,29.94100000,1766884548952429,True,True
60127257,0.03950000,758.00000000,29.94100000,1766884548952459,True,True
60127258,0.03950000,506.00000000,19.98700000,1766884548953177,True,True
60127259,0.03960000,156.60000000,6.20136000,1766884576441423,False,True
60127260,0.03960000,207.00000000,8.19720000,1766884591454885,False,True
60127261,0.03960000,159.20000000,6.30432000,1766884616441914,False,True
60127262,0.03960000,222.90000000,8.82684000,1766884636441267,False,True
60127263,0.03960000,219.10000000,8.67636000,1766884661441154,False,True
60127264,0.03960000,233.50000000,9.24660000,1766884686455303,False,True
60127265,0.03960000,362.20000000,14.34312000,1766884715677371,False,True
60127266,0.03960000,189.50000000,7.50420000,1766884716445623,False,True
60127267,0.03960000,66.50000000,2.63340000,1766884736442164,False,True
60127268,0.03960000,160.50000000,6.35580000,1766884736442164,False,True
60127269,0.03970000,298.50000000,11.85045000,1766884766457249,False,True
60127270,0.03960000,243.90000000,9.65844000,1766884801440750,False,True
60127271,0.03960000,12.10000000,0.47916000,1766884831454430,False,True
60127272,0.03960000,281.90000000,11.16324000,1766884831454430,False,True
60127273,0.03960000,330.80000000,13.09968000,1766884861440584,False,True
60127274,0.03960000,302.00000000,11.95920000,1766884901440504,False,True
60127275,0.03960000,612.60000000,24.25896000,1766884929102901,False,True
60127276,0.03960000,324.30000000,12.84228000,1766884941451896,False,True
60127277,0.03960000,230.20000000,9.11592000,1766884976441217,False,True
60127278,0.03960000,377.50000000,14.94900000,1766885006446769,False,True
60127279,0.03950000,296.00000000,11.69200000,1766885036899750,True,True
60127280,0.03960000,211.50000000,8.37540000,1766885046453231,False,True
60127281,0.03960000,280.50000000,11.10780000,1766885071453121,False,True
60127282,0.03960000,308.00000000,12.19680000,1766885106448249,False,True
60127283,0.03960000,254.30000000,10.07028000,1766885141440353,False,True
60127284,0.03960000,405.30000000,16.04988000,1766885157861002,False,True
60127285,0.03960000,131.10000000,5.19156000,1766885171455104,False,True
60127286,0.03960000,246.30000000,9.75348000,1766885171455104,False,True
60127287,0.03960000,211.70000000,8.38332000,1766885216440330,False,True
60127288,0.03960000,295.50000000,11.70180000,1766885241451760,False,True
60127289,0.03960000,289.70000000,11.47212000,1766885276440972,False,True
60127290,0.03960000,316.20000000,12.52152000,1766885311448097,False,True
60127291,0.03960000,346.00000000,13.70160000,1766885346448950,False,True
60127292,0.03960000,291.60000000,11.54736000,1766885391446898,False,True
60127293,0.03960000,314.00000000,12.43440000,1766885421451216,False,True
60127294,0.03960000,332.50000000,13.16700000,1766885461440454,False,True
60127295,0.03960000,217.20000000,8.60112000,1766885501440110,False,True
60127296,0.03960000,239.00000000,9.46440000,1766885526448473,False,True
60127297,0.03960000,349.20000000,13.82832000,1766885551446955,False,True
60127298,0.03960000,362.20000000,14.34312000,1766885556484670,False,True
60127299,0.03960000,254.10000000,10.06236000,1766885558256000,False,True
60127300,0.03970000,273.30000000,10.85001000,1766885596441220,False,True
60127301,0.03970000,305.20000000,12.11644000,1766885626449254,False,True
60127302,0.03970000,275.80000000,10.94926000,1766885666447314,False,True
60127303,0.03970000,246.70000000,9.79399000,1766885696448649,False,True
60127304,0.03970000,180.20000000,7.15394000,1766885726447294,False,True
60127305,0.03970000,378.10000000,15.01057000,1766885746447668,False,True
60127306,0.03970000,376.70000000,14.95499000,1766885791447309,False,True
60127307,0.03970000,262.20000000,10.40934000,1766885817506420,False,True
60127308,0.03970000,215.80000000,8.56726000,1766885836440484,False,True
60127309,0.03970000,115.00000000,4.56550000,1766885861441991,False,True
60127310,0.03970000,59.70000000,2.37009000,1766885861441991,False,True
60127311,0.03970000,181.40000000,7.20158000,1766885881440447,False,True
60127312,0.03970000,365.70000000,14.51829000,1766885901450788,False,True
60127313,0.03960000,373.00000000,14.77080000,1766885940496159,True,True
60127314,0.03960000,373.00000000,14.77080000,1766885940497212,True,True
60127315,0.03960000,255.00000000,10.09800000,1766885941787952,True,True
60127316,0.03970000,329.60000000,13.08512000,1766885946441305,False,True
60127317,0.03960000,161.00000000,6.37560000,1766885946900575,True,True
60127318,0.03970000,330.60000000,13.12482000,1766885981440942,False,True
60127319,0.03970000,227.50000000,9.03175000,1766886021460226,False,True
60127320,0.03970000,305.00000000,12.10850000,1766886051447987,False,True
60127321,0.03970000,411.40000000,16.33258000,1766886086447156,False,True
60127322,0.03960000,362.30000000,14.34708000,1766886123638171,True,True
60127323,0.03970000,1757.20000000,69.76084000,1766886608292706,False,True
60127324,0.03970000,2689.10000000,106.75727000,1766886794135592,False,True
60127325,0.03960000,2525.70000000,100.01772000,1766886901914105,True,True
60127326,0.03960000,1448.70000000,57.36852000,1766886901914105,True,True
60127327,0.03960000,151.00000000,5.97960000,1766886901914105,True,True
60127328,0.03960000,151.00000000,5.97960000,1766886901914105,True,True
60127329,0.03960000,146.00000000,5.78160000,1766886901914105,True,True
60127330,0.03960000,151.00000000,5.97960000,1766886901914105,True,True
60127331,0.03960000,141.00000000,5.58360000,1766886901914105,True,True
60127332,0.03960000,152.00000000,6.01920000,1766886901914105,True,True
60127333,0.03960000,152.00000000,6.01920000,1766886901914105,True,True
60127334,0.03960000,146.00000000,5.78160000,1766886901914105,True,True
60127335,0.03960000,141.00000000,5.58360000,1766886901914105,True,True
60127336,0.03960000,152.00000000,6.01920000,1766886901914105,True,True
60127337,0.03960000,146.00000000,5.78160000,1766886901914105,True,True
60127338,0.03960000,141.00000000,5.58360000,1766886901914105,True,True
60127339,0.03960000,146.00000000,5.78160000,1766886901914105,True,True
60127340,0.03960000,141.00000000,5.58360000,1766886901914105,True,True
60127341,0.03960000,146.00000000,5.78160000,1766886901914105,True,True
60127342,0.03960000,141.00000000,5.58360000,1766886901914105,True,True
60127343,0.03960000,146.00000000,5.78160000,1766886901914105,True,True
60127344,0.03960000,141.00000000,5.58360000,1766886901914105,True,True
60127345,0.03960000,146.00000000,5.78160000,1766886901914105,True,True
60127346,0.03960000,141.00000000,5.58360000,1766886901914105,True,True
60127347,0.03960000,146.00000000,5.78160000,1766886901914105,True,True
60127348,0.03960000,141.00000000,5.58360000,1766886901914105,True,True
60127349,0.03960000,146.00000000,5.78160000,1766886901914105,True,True
60127350,0.03960000,141.00000000,5.58360000,1766886901914105,True,True
60127351,0.03960000,146.00000000,5.78160000,1766886901914105,True,True
60127352,0.03960000,4050.00000000,160.38000000,1766886901917853,True,True
60127353,0.03960000,302.00000000,11.95920000,1766886901947983,True,True
60127354,0.03960000,423.00000000,16.75080000,1766886902582577,True,True
60127355,0.03960000,146.00000000,5.78160000,1766886902663694,True,True
60127356,0.03960000,418.00000000,16.55280000,1766886902953583,True,True
60127357,0.03960000,189.00000000,7.48440000,1766886902954201,True,True
60127358,0.03960000,152.00000000,6.01920000,1766886903576440,True,True
60127359,0.03960000,758.00000000,30.01680000,1766886903677710,True,True
60127360,0.03960000,1073.90000000,42.52644000,1766886903681548,True,True
60127361,0.03960000,588.10000000,23.28876000,1766886903681911,True,True
60127362,0.03950000,485.80000000,19.18910000,1766886903681911,True,True
60127363,0.03950000,1074.00000000,42.42300000,1766886903682066,True,True
60127364,0.03950000,119.20000000,4.70840000,1766886903687867,True,True
60127365,0.03950000,638.80000000,25.23260000,1766886903687867,True,True
60127366,0.03960000,929.00000000,36.78840000,1766886916818680,False,True
60127367,0.03970000,4837.40000000,192.04478000,1766887196703029,False,True
60127368,0.03970000,382.00000000,15.16540000,1766887222766480,False,True
60127369,0.03970000,380.00000000,15.08600000,1766887222766661,False,True
60127370,0.03960000,4050.00000000,160.38000000,1766887353484452,True,True
60127371,0.03960000,1028.40000000,40.72464000,1766887353484452,True,True
60127372,0.03960000,140.00000000,5.54400000,1766887378149786,True,True
60127373,0.03960000,141.00000000,5.58360000,1766887378149786,True,True
60127374,0.03960000,141.00000000,5.58360000,1766887378149786,True,True
60127375,0.03960000,140.00000000,5.54400000,1766887378149786,True,True
60127376,0.03960000,141.00000000,5.58360000,1766887378149786,True,True
60127377,0.03960000,55.00000000,2.17800000,1766887378149786,True,True
60127378,0.03960000,85.00000000,3.36600000,1766887378149804,True,True
60127379,0.03960000,421.00000000,16.67160000,1766887378149804,True,True
60127380,0.03970000,362.20000000,14.37934000,1766887511896714,False,True
60127381,0.03970000,749.90000000,29.77103000,1766887511989958,False,True
60127382,0.03970000,751.00000000,29.81470000,1766887511989958,False,True
60127383,0.03970000,752.00000000,29.85440000,1766887511989958,False,True
60127384,0.03960000,3629.00000000,143.70840000,1766887512161032,True,True
60127385,0.03960000,2461.10000000,97.45956000,1766887512161032,True,True
60127386,0.03970000,362.20000000,14.37934000,1766887621635294,False,True
60127387,0.03970000,4675.50000000,185.61735000,1766887621637086,False,True
60127388,0.03970000,140.00000000,5.55800000,1766887621637086,False,True
60127389,0.03970000,748.20000000,29.70354000,1766887621637086,False,True
60127390,0.03970000,140.00000000,5.55800000,1766887621637086,False,True
60127391,0.03970000,748.20000000,29.70354000,1766887621637086,False,True
60127392,0.03970000,4050.00000000,160.78500000,1766887622161980,True,True
60127393,0.03960000,2589.40000000,102.54024000,1766887622161980,True,True
60127394,0.03960000,83.60000000,3.31056000,1766887622161980,True,True
60127395,0.03970000,135.40000000,5.37538000,1766887680383536,False,True
60127396,0.03970000,135.40000000,5.37538000,1766887680392745,False,True
60127397,0.03970000,748.20000000,29.70354000,1766887967595468,False,True
60127398,0.03970000,750.00000000,29.77500000,1766887967595468,False,True
60127399,0.03970000,362.20000000,14.37934000,1766888157742926,False,True
60127400,0.03970000,145.80000000,5.78826000,1766888196810204,False,True
60127401,0.03970000,177.00000000,7.02690000,1766888196810204,False,True
60127402,0.03970000,1854.70000000,73.63159000,1766888196810204,False,True
60127403,0.03970000,503.30000000,19.98101000,1766888198662805,True,True
60127404,0.03970000,1854.80000000,73.63556000,1766888272006321,True,True
60127405,0.03970000,1144.20000000,45.42474000,1766888272007607,True,True
60127406,0.03980000,480.90000000,19.13982000,1766888407662474,False,True
60127407,0.03980000,526.70000000,20.96266000,1766888446684146,False,True
60127408,0.03980000,670.60000000,26.68988000,1766888446684146,False,True
60127409,0.03980000,1014.30000000,40.36914000,1766888525686789,False,True
60127410,0.03970000,377.40000000,14.98278000,1766888531661641,True,True
60127411,0.03970000,395.00000000,15.68150000,1766888559163922,True,True
60127412,0.03980000,286.10000000,11.38678000,1766888562550517,False,True
60127413,0.03970000,1049.30000000,41.65721000,1766888608684410,True,True
60127414,0.03980000,297.20000000,11.82856000,1766888669193703,False,True
60127415,0.03980000,628.10000000,24.99838000,1766888737766894,False,True
60127416,0.03970000,1835.10000000,72.85347000,1766888765647920,True,True
60127417,0.03970000,218.80000000,8.68636000,1766888809420192,True,True
60127418,0.03970000,128.40000000,5.09748000,1766888809715926,True,True
60127419,0.03970000,46.00000000,1.82620000,1766888827162574,True,True
60127420,0.03970000,281.40000000,11.17158000,1766888827162574,True,True
60127421,0.03980000,260.00000000,10.34800000,1766889050250414,False,True
60127422,0.03980000,102.20000000,4.06756000,1766889050250414,False,True
60127423,0.03980000,362.20000000,14.41556000,1766889061392458,False,True
60127424,0.03980000,283.00000000,11.26340000,1766889061443831,False,True
60127425,0.03980000,240.00000000,9.55200000,1766889061443831,False,True
60127426,0.03980000,746.30000000,29.70274000,1766889061443831,False,True
60127427,0.03970000,5037.70000000,199.99669000,1766889061661095,True,True
60127428,0.03970000,1516.20000000,60.19314000,1766889061661095,True,True
60127429,0.03980000,3439.70000000,136.90006000,1766889097662422,False,True
60127430,0.03980000,1585.40000000,63.09892000,1766889097665847,False,True
60127431,0.03980000,4050.00000000,161.19000000,1766889098161244,True,True
60127432,0.03970000,2826.60000000,112.21602000,1766889098161244,True,True
60127433,0.03970000,13123.40000000,520.99898000,1766889098161244,True,True
60127434,0.03980000,362.20000000,14.41556000,1766889098335966,False,True
60127435,0.03990000,450.90000000,17.99091000,1766889118504029,False,True
60127436,0.03990000,4051.00000000,161.63490000,1766889118504029,False,True
60127437,0.03990000,20.70000000,0.82593000,1766889118504029,False,True
60127438,0.03980000,135.40000000,5.38892000,1766889120380616,True,True
60127439,0.03980000,135.40000000,5.38892000,1766889120417564,True,True
60127440,0.03990000,1237.30000000,49.36827000,1766889131942938,False,True
60127441,0.03980000,2603.90000000,103.63522000,1766889137507548,True,True
60127442,0.03980000,813.40000000,32.37332000,1766889205990794,True,True
60127443,0.03990000,1086.60000000,43.35534000,1766889441413131,False,True
60127444,0.03990000,362.20000000,14.45178000,1766889453430562,False,True
60127445,0.03990000,1096.20000000,43.73838000,1766889609122913,False,True
60127446,0.03990000,247.00000000,9.85530000,1766889629858085,False,True
60127447,0.03990000,115.20000000,4.59648000,1766889629858085,False,True
60127448,0.03990000,362.20000000,14.45178000,1766889645006916,False,True
60127449,0.03990000,138.00000000,5.50620000,1766889672833837,False,True
60127450,0.03990000,138.00000000,5.50620000,1766889672858284,False,True
60127451,0.03990000,142.00000000,5.66580000,1766889673434336,False,True
60127452,0.03990000,138.00000000,5.50620000,1766889675660872,False,True
60127453,0.03990000,138.00000000,5.50620000,1766889675667385,False,True
60127454,0.03990000,52.30000000,2.08677000,1766889679692678,False,True
60127455,0.03990000,112.70000000,4.49673000,1766889679692678,False,True
60127456,0.03990000,27.30000000,1.08927000,1766889679699680,False,True
60127457,0.03990000,110.70000000,4.41693000,1766889679699680,False,True
60127458,0.03990000,251.00000000,10.01490000,1766889679707487,False,True
60127459,0.03990000,138.00000000,5.50620000,1766889680235983,False,True
60127460,0.03990000,1086.60000000,43.35534000,1766889693548972,False,True
60127461,0.03990000,738.60000000,29.47014000,1766889718075431,True,True
60127462,0.04000000,724.40000000,28.97600000,1766889718285708,False,True
60127463,0.03990000,1193.00000000,47.60070000,1766889727056108,True,True
60127464,0.04000000,171.30000000,6.85200000,1766889729658264,False,True
60127465,0.04000000,362.20000000,14.48800000,1766889776630683,False,True
60127466,0.03990000,2118.40000000,84.52416000,1766889913747083,True,True
60127467,0.03990000,6610.50000000,263.75895000,1766889913747083,True,True
60127468,0.03990000,9925.80000000,396.03942000,1766889913747083,True,True
60127469,0.03990000,368.00000000,14.68320000,1766889913747083,True,True
60127470,0.03990000,5012.50000000,199.99875000,1766889913747083,True,True
60127471,0.03990000,1321.60000000,52.73184000,1766889913747083,True,True
60127472,0.03990000,524.00000000,20.90760000,1766889913747083,True,True
60127473,0.03990000,525.00000000,20.94750000,1766889913747083,True,True
60127474,0.03990000,362.20000000,14.45178000,1766889950829451,False,True
60127475,0.03990000,362.20000000,14.45178000,1766889965232981,False,True
60127476,0.03990000,185.00000000,7.38150000,1766889990334717,False,True
60127477,0.03990000,138.00000000,5.50620000,1766889990661260,False,True
60127478,0.03990000,138.00000000,5.50620000,1766889990662923,False,True
60127479,0.03990000,362.20000000,14.45178000,1766890003224415,False,True
60127480,0.03990000,362.20000000,14.45178000,1766890009444057,False,True
60127481,0.03990000,362.20000000,14.45178000,1766890019413256,False,True
60127482,0.03990000,362.20000000,14.45178000,1766890115627307,False,True
60127483,0.03980000,139.00000000,5.53220000,1766890256899622,False,True
60127484,0.03990000,724.40000000,28.90356000,1766890597758068,False,True
60127485,0.03990000,691.40000000,27.58686000,1766890661488780,False,True
60127486,0.03990000,395.20000000,15.76848000,1766890661488780,False,True
60127487,0.03990000,179.00000000,7.14210000,1766890669194250,False,True
60127488,0.03990000,160.00000000,6.38400000,1766890669194250,False,True
60127489,0.03990000,23.20000000,0.92568000,1766890669194250,False,True
60127490,0.03990000,115.80000000,4.62042000,1766890669737503,False,True
60127491,0.03990000,325.20000000,12.97548000,1766890669737503,False,True
60127492,0.03990000,250.00000000,9.97500000,1766890670267979,False,True
60127493,0.03990000,171.10000000,6.82689000,1766890670269355,False,True
60127494,0.03990000,78.90000000,3.14811000,1766890670269355,False,True
60127495,0.03990000,60.10000000,2.39799000,1766890670542802,False,True
60127496,0.03990000,139.00000000,5.54610000,1766890670542802,False,True
60127497,0.03990000,51.90000000,2.07081000,1766890670542802,False,True
60127498,0.03990000,86.10000000,3.43539000,1766890670641772,False,True
60127499,0.03990000,175.90000000,7.01841000,1766890670641772,False,True
60127500,0.03990000,149.00000000,5.94510000,1766890670800688,False,True
60127501,0.03990000,201.00000000,8.01990000,1766890671177840,False,True
60127502,0.03990000,3524.10000000,140.61159000,1766890761616384,False,True
60127503,0.03990000,139.00000000,5.54610000,1766890761616384,False,True
60127504,0.03990000,139.00000000,5.54610000,1766890761616384,False,True
60127505,0.03990000,1056.30000000,42.14637000,1766890761616384,False,True
60127506,0.03990000,139.00000000,5.54610000,1766890802356485,False,True
60127507,0.03990000,223.20000000,8.90568000,1766890802356485,False,True
60127508,0.03990000,333.60000000,13.31064000,1766890821171176,False,True
60127509,0.03990000,313.50000000,12.50865000,1766890821171635,False,True
60127510,0.03990000,379.20000000,15.13008000,1766890824470893,False,True
60127511,0.03990000,379.20000000,15.13008000,1766890824607330,False,True
60127512,0.03990000,1818.00000000,72.53820000,1766890824928803,False,True
60127513,0.03990000,362.20000000,14.45178000,1766890831023861,False,True
60127514,0.03990000,241.10000000,9.61989000,1766890838946487,False,True
60127515,0.03990000,121.10000000,4.83189000,1766890838946487,False,True
60127516,0.03990000,362.20000000,14.45178000,1766890877010868,False,True
60127517,0.03990000,362.20000000,14.45178000,1766890943526089,False,True
60127518,0.03990000,362.20000000,14.45178000,1766890948344867,False,True
60127519,0.03990000,21.60000000,0.86184000,1766890948875801,False,True
60127520,0.03990000,274.00000000,10.93260000,1766890948875801,False,True
60127521,0.03990000,277.40000000,11.06826000,1766890948875801,False,True
60127522,0.03990000,382.00000000,15.24180000,1766890948876324,False,True
60127523,0.03990000,287.00000000,11.45130000,1766890948908332,False,True
60127524,0.03990000,258.00000000,10.29420000,1766890950961334,False,True
60127525,0.03990000,232.00000000,9.25680000,1766890952011012,False,True
60127526,0.03990000,209.00000000,8.33910000,1766890954213062,False,True
60127527,0.03990000,362.20000000,14.45178000,1766890959365066,False,True
60127528,0.03990000,372.00000000,14.84280000,1766890959476633,False,True
60127529,0.03990000,211.00000000,8.41890000,1766890959561293,False,True
60127530,0.03990000,190.00000000,7.58100000,1766890959692498,False,True
60127531,0.03990000,171.00000000,6.82290000,1766890959699251,False,True
60127532,0.03990000,154.00000000,6.14460000,1766890959996835,False,True
60127533,0.03990000,154.00000000,6.14460000,1766890959998849,False,True
60127534,0.03990000,138.00000000,5.50620000,1766890960227193,False,True
60127535,0.03990000,138.00000000,5.50620000,1766890960257333,False,True
60127536,0.03990000,138.00000000,5.50620000,1766890960260457,False,True
60127537,0.03990000,138.00000000,5.50620000,1766890960308292,False,True
60127538,0.03990000,138.00000000,5.50620000,1766890960479744,False,True
60127539,0.03990000,100.40000000,4.00596000,1766890960480438,False,True
60127540,0.03990000,37.60000000,1.50024000,1766890960480438,False,True
60127541,0.03990000,588.00000000,23.46120000,1766890962438299,False,True
60127542,0.03990000,120.30000000,4.79997000,1766890962660832,False,True
60127543,0.03990000,154.00000000,6.14460000,1766890962660832,False,True
60127544,0.03990000,58.70000000,2.34213000,1766890962660832,False,True
60127545,0.03990000,300.00000000,11.97000000,1766890962699831,False,True
60127546,0.03990000,270.00000000,10.77300000,1766890962770719,False,True
60127547,0.03990000,117.30000000,4.68027000,1766890962776580,False,True
60127548,0.03990000,154.00000000,6.14460000,1766890962776580,False,True
60127549,0.03990000,92.70000000,3.69873000,1766890962776580,False,True
60127550,0.03990000,206.00000000,8.21940000,1766890963193638,False,True
60127551,0.03990000,310.00000000,12.36900000,1766890963194559,False,True
60127552,0.03990000,155.00000000,6.18450000,1766890963198592,False,True
60127553,0.03990000,139.00000000,5.54610000,1766890963405179,False,True
60127554,0.03990000,188.00000000,7.50120000,1766890963988573,False,True
60127555,0.03990000,138.00000000,5.50620000,1766890963990030,False,True
60127556,0.03990000,138.00000000,5.50620000,1766890964009060,False,True
60127557,0.03990000,138.00000000,5.50620000,1766890964199365,False,True
60127558,0.03990000,138.00000000,5.50620000,1766890964199806,False,True
60127559,0.03990000,138.00000000,5.50620000,1766890964201497,False,True
60127560,0.03980000,1647.50000000,65.57050000,1766890965098072,True,True
60127561,0.03990000,362.20000000,14.45178000,1766891102512630,False,True
60127562,0.03980000,1103.10000000,43.90338000,1766891225635521,False,True
60127563,0.03980000,362.20000000,14.41556000,1766891282844889,False,True
60127564,0.03970000,748.00000000,29.69560000,1766891290490980,True,True
60127565,0.03970000,748.00000000,29.69560000,1766891316997275,True,True
60127566,0.03970000,1000.00000000,39.70000000,1766891328204969,True,True
60127567,0.03970000,1100.50000000,43.68985000,1766891441914095,True,True
60127568,0.03980000,362.20000000,14.41556000,1766891479218799,False,True
60127569,0.03980000,362.20000000,14.41556000,1766891492693447,False,True
60127570,0.03980000,362.20000000,14.41556000,1766891503273385,False,True
60127571,0.03980000,820.10000000,32.63998000,1766891515625475,False,True
60127572,0.03980000,678.00000000,26.98440000,1766891523148788,False,True
60127573,0.03980000,822.00000000,32.71560000,1766891523148788,False,True
60127574,0.03980000,99.80000000,3.97204000,1766891531030375,False,True
60127575,0.03980000,262.40000000,10.44352000,1766891531030375,False,True
60127576,0.03980000,822.10000000,32.71958000,1766891535885564,False,True
60127577,0.03980000,362.20000000,14.41556000,1766891574178575,False,True
60127578,0.03980000,362.20000000,14.41556000,1766891583934455,False,True
60127579,0.03980000,266.00000000,10.58680000,1766891585306642,False,True
60127580,0.03980000,358.00000000,14.24840000,1766891586538026,False,True
60127581,0.03980000,203.00000000,8.07940000,1766891590859140,False,True
60127582,0.03980000,183.00000000,7.28340000,1766891591806724,False,True
60127583,0.03980000,164.00000000,6.52720000,1766891592707567,False,True
60127584,0.03980000,222.00000000,8.83560000,1766891600576030,False,True
60127585,0.03980000,189.00000000,7.52220000,1766891603390714,False,True
60127586,0.03980000,362.20000000,14.41556000,1766891778433880,False,True
60127587,0.03970000,179.00000000,7.10630000,1766891793502897,True,True
60127588,0.03980000,724.40000000,28.83112000,1766891826151804,False,True
60127589,0.03980000,318.00000000,12.65640000,1766891826257309,False,True
60127590,0.03980000,318.00000000,12.65640000,1766891826260218,False,True
60127591,0.03980000,594.80000000,23.67304000,1766891827384550,False,True
60127592,0.03980000,129.20000000,5.14216000,1766891827384550,False,True
60127593,0.03980000,170.00000000,6.76600000,1766891827398150,False,True
60127594,0.03980000,153.00000000,6.08940000,1766891827428259,False,True
60127595,0.03980000,206.00000000,8.19880000,1766891827438077,False,True
60127596,0.03980000,176.00000000,7.00480000,1766891827494421,False,True
60127597,0.03980000,169.00000000,6.72620000,1766891881370124,False,True
60127598,0.03980000,161.00000000,6.40780000,1766891881370124,False,True
60127599,0.03980000,32.20000000,1.28156000,1766891881370124,False,True
60127600,0.03980000,362.20000000,14.41556000,1766892120331152,False,True
60127601,0.03980000,362.20000000,14.41556000,1766892121854393,False,True
60127602,0.03980000,162.00000000,6.44760000,1766892122006564,False,True
60127603,0.03980000,138.00000000,5.49240000,1766892122006564,False,True
60127604,0.03980000,9.00000000,0.35820000,1766892122029422,False,True
60127605,0.03980000,261.00000000,10.38780000,1766892122029422,False,True
60127606,0.03980000,658.00000000,26.18840000,1766892122029817,False,True
60127607,0.03980000,388.00000000,15.44240000,1766892122040906,False,True
60127608,0.03980000,616.40000000,24.53272000,1766892128655560,False,True
60127609,0.03980000,163.00000000,6.48740000,1766892168232224,False,True
60127610,0.03980000,147.00000000,5.85060000,1766892168232224,False,True
60127611,0.03980000,36.00000000,1.43280000,1766892168232224,False,True
60127612,0.03980000,127.00000000,5.05460000,1766892168242137,False,True
60127613,0.03980000,147.00000000,5.85060000,1766892168242137,False,True
60127614,0.03980000,194.00000000,7.72120000,1766892168242137,False,True
60127615,0.03980000,265.00000000,10.54700000,1766892168434926,False,True
60127616,0.03980000,239.00000000,9.51220000,1766892168657367,False,True
60127617,0.03980000,362.20000000,14.41556000,1766892183119049,False,True
60127618,0.03970000,125.90000000,4.99823000,1766892214879413,True,True
60127619,0.03970000,148.60000000,5.89942000,1766892249162913,True,True
60127620,0.03970000,3.70000000,0.14689000,1766892249162913,True,True
60127621,0.03970000,2945.00000000,116.91650000,1766892261724920,True,True
60127622,0.03980000,1457.00000000,57.98860000,1766892282577613,False,True
60127623,0.03980000,362.20000000,14.41556000,1766892283879250,False,True
60127624,0.03980000,265.00000000,10.54700000,1766892283983068,False,True
60127625,0.03980000,265.00000000,10.54700000,1766892283983551,False,True
60127626,0.03980000,265.00000000,10.54700000,1766892283984789,False,True
60127627,0.03980000,375.60000000,14.94888000,1766892283985053,False,True
60127628,0.03980000,21.40000000,0.85172000,1766892283985053,False,True
60127629,0.03980000,141.60000000,5.63568000,1766892283987510,False,True
60127630,0.03980000,123.40000000,4.91132000,1766892283987510,False,True
60127631,0.03980000,23.60000000,0.93928000,1766892285438974,False,True
60127632,0.03980000,147.00000000,5.85060000,1766892285438974,False,True
60127633,0.03980000,35.40000000,1.40892000,1766892285438974,False,True
60127634,0.03980000,111.60000000,4.44168000,1766892285468249,False,True
60127635,0.03980000,64.40000000,2.56312000,1766892285468249,False,True
60127636,0.03980000,82.60000000,3.28748000,1766892285670274,False,True
60127637,0.03980000,66.40000000,2.64272000,1766892285670274,False,True
60127638,0.03980000,80.60000000,3.20788000,1766892286129805,False,True
60127639,0.03980000,407.40000000,16.21452000,1766892286129805,False,True
60127640,0.03980000,338.90000000,13.48822000,1766892286139311,False,True
60127641,0.03980000,319.10000000,12.70018000,1766892286139311,False,True
60127642,0.03980000,373.00000000,14.84540000,1766892286156471,False,True
60127643,0.03980000,373.00000000,14.84540000,1766892286160934,False,True
60127644,0.03980000,448.00000000,17.83040000,1766892286168223,False,True
60127645,0.03980000,254.00000000,10.10920000,1766892286178378,False,True
60127646,0.03980000,254.00000000,10.10920000,1766892286182331,False,True
60127647,0.03980000,203.00000000,8.07940000,1766892286205869,False,True
60127648,0.03980000,274.00000000,10.90520000,1766892286346329,False,True
60127649,0.03980000,183.00000000,7.28340000,1766892286347410,False,True
60127650,0.03980000,205.00000000,8.15900000,1766892287384516,False,True
60127651,0.03980000,175.00000000,6.96500000,1766892288889484,False,True
60127652,0.03980000,175.00000000,6.96500000,1766892288890018,False,True
60127653,0.03980000,813.90000000,32.39322000,1766892291752373,False,True
60127654,0.03980000,62.10000000,2.47158000,1766892291752373,False,True
60127655,0.03980000,496.00000000,19.74080000,1766892291755852,False,True
60127656,0.03980000,758.00000000,30.16840000,1766892291761825,False,True
60127657,0.03980000,1023.00000000,40.71540000,1766892291769580,False,True
60127658,0.03980000,580.00000000,23.08400000,1766892291778732,False,True
60127659,0.03980000,580.00000000,23.08400000,1766892291782726,False,True
60127660,0.03980000,464.00000000,18.46720000,1766892291795906,False,True
60127661,0.03980000,417.00000000,16.59660000,1766892291830350,False,True
60127662,0.03980000,376.00000000,14.96480000,1766892291957012,False,True
60127663,0.03980000,338.00000000,13.45240000,1766892291980626,False,True
60127664,0.03980000,304.00000000,12.09920000,1766892291997269,False,True
60127665,0.03980000,274.00000000,10.90520000,1766892292031758,False,True
60127666,0.03980000,370.00000000,14.72600000,1766892292041043,False,True
60127667,0.03980000,209.00000000,8.31820000,1766892292061141,False,True
60127668,0.03980000,283.00000000,11.26340000,1766892292069155,False,True
60127669,0.03980000,190.00000000,7.56200000,1766892293460285,False,True
60127670,0.03980000,171.00000000,6.80580000,1766892293505885,False,True
60127671,0.03980000,154.00000000,6.12920000,1766892293555810,False,True
60127672,0.03980000,207.00000000,8.23860000,1766892293569382,False,True
60127673,0.03980000,176.00000000,7.00480000,1766892297658180,False,True
60127674,0.03980000,998.00000000,39.72040000,1766892385458195,False,True
60127675,0.03980000,140.00000000,5.57200000,1766892385458195,False,True
60127676,0.03980000,740.90000000,29.48782000,1766892385458195,False,True
60127677,0.03980000,158.00000000,6.28840000,1766892560328614,False,True
60127678,0.03980000,566.40000000,22.54272000,1766892560328614,False,True
60127679,0.03980000,724.40000000,28.83112000,1766892641072164,False,True
60127680,0.03980000,1086.60000000,43.24668000,1766892646307308,False,True
60127681,0.03980000,933.00000000,37.13340000,1766892744122951,False,True
60127682,0.03980000,739.60000000,29.43608000,1766892956405658,False,True
60127683,0.03980000,9969.50000000,396.78610000,1766892956405658,False,True
60127684,0.03980000,212.00000000,8.43760000,1766892956405658,False,True
60127685,0.03980000,3067.00000000,122.06660000,1766893055212875,True,True
60127686,0.03980000,11112.40000000,442.27352000,1766893055214255,True,True
60127687,0.03980000,4346.00000000,172.97080000,1766893055214255,True,True
60127688,0.03980000,528.10000000,21.01838000,1766893055214255,True,True
60127689,0.03980000,362.20000000,14.41556000,1766893126947588,False,True
60127690,0.03980000,822.10000000,32.71958000,1766893169130602,True,True
60127691,0.03970000,729.00000000,28.94130000,1766893294583919,True,True
60127692,0.03980000,362.20000000,14.41556000,1766893443963689,False,True
60127693,0.03970000,777.00000000,30.84690000,1766893695431768,True,True
60127694,0.03970000,3273.00000000,129.93810000,1766893801776500,True,True
60127695,0.03970000,5037.70000000,199.99669000,1766893801776500,True,True
60127696,0.03980000,1049.30000000,41.76214000,1766894082509055,False,True
60127697,0.03970000,145.00000000,5.75650000,1766894224170126,True,True
60127698,0.03970000,270.00000000,10.71900000,1766894229747664,True,True
60127699,0.03970000,159.00000000,6.31230000,1766894234033457,True,True
60127700,0.03970000,184.00000000,7.30480000,1766894252353331,True,True
60127701,0.03970000,758.00000000,30.09260000,1766894252353331,True,True
60127702,0.03970000,920.40000000,36.53988000,1766894252353331,True,True
60127703,0.03980000,2638.50000000,105.01230000,1766894370330416,False,True
60127704,0.03980000,2236.50000000,89.01270000,1766894370330416,False,True
60127705,0.03970000,620.80000000,24.64576000,1766894387764980,True,True
60127706,0.03970000,382.00000000,15.16540000,1766894406118910,True,True
60127707,0.03970000,382.00000000,15.16540000,1766894406118910,True,True
60127708,0.03970000,1000.00000000,39.70000000,1766894422683050,False,True
60127709,0.03970000,724.40000000,28.75868000,1766894435095701,False,True
60127710,0.03980000,2664.00000000,106.02720000,1766894551151323,False,True
60127711,0.03980000,124.60000000,4.95908000,1766894626331846,False,True
60127712,0.03980000,26.50000000,1.05470000,1766894626331846,False,True
60127713,0.03970000,309.30000000,12.27921000,1766894692661106,True,True
60127714,0.03970000,3740.70000000,148.50579000,1766894767360929,True,True
60127715,0.03970000,7515.90000000,298.38123000,1766894767360929,True,True
60127716,0.03970000,924.10000000,36.68677000,1766894767360929,True,True
60127717,0.03970000,8583.30000000,340.75701000,1766894767360929,True,True
60127718,0.03960000,1833.40000000,72.60264000,1766894829987278,True,True
60127719,0.03970000,157.90000000,6.26863000,1766895013158139,False,True
60127720,0.03970000,98.10000000,3.89457000,1766895048264079,False,True
60127721,0.03970000,162.00000000,6.43140000,1766895048264079,False,True
60127722,0.03970000,461.40000000,18.31758000,1766895051666574,True,True
60127723,0.03960000,1676.40000000,66.38544000,1766895117468597,True,True
60127724,0.03970000,208.00000000,8.25760000,1766895234851564,False,True
60127725,0.03970000,516.40000000,20.50108000,1766895234851564,False,True
60127726,0.03970000,300.20000000,11.91794000,1766895306676448,False,True
60127727,0.03970000,724.40000000,28.75868000,1766895505180854,False,True
60127728,0.03970000,3025.40000000,120.10838000,1766895505182954,False,True
60127729,0.03970000,5037.70000000,199.99669000,1766895505182954,False,True
60127730,0.03970000,256.00000000,10.16320000,1766895505182954,False,True
60127731,0.03970000,267.00000000,10.59990000,1766895616540607,True,True
60127732,0.03970000,844.90000000,33.54253000,1766895627068850,True,True
60127733,0.03980000,251.20000000,9.99776000,1766895656029334,False,True
60127734,0.03980000,294.40000000,11.71712000,1766895708049688,False,True
60127735,0.03970000,170.00000000,6.74900000,1766895729370554,True,True
60127736,0.03980000,626.30000000,24.92674000,1766895762323044,False,True
60127737,0.03970000,357.20000000,14.18084000,1766895777162776,True,True
60127738,0.03970000,183.10000000,7.26907000,1766895921807662,True,True
60127739,0.03980000,201.00000000,7.99980000,1766895925162001,False,True
60127740,0.03970000,1667.60000000,66.20372000,1766895929088430,True,True
60127741,0.03960000,152.00000000,6.01920000,1766895929089614,True,True
60127742,0.03960000,152.00000000,6.01920000,1766895929091661,True,True
60127743,0.03960000,152.00000000,6.01920000,1766895929092358,True,True
60127744,0.03960000,152.00000000,6.01920000,1766895929092607,True,True
60127745,0.03970000,206.00000000,8.17820000,1766895990065652,False,True
60127746,0.03970000,4050.00000000,160.78500000,1766896264667349,True,True
60127747,0.03970000,2520.60000000,100.06782000,1766896264667349,True,True
60127748,0.03970000,326.40000000,12.95808000,1766896328225720,True,True
60127749,0.03960000,166.80000000,6.60528000,1766896448658429,True,True
60127750,0.03970000,4050.00000000,160.78500000,1766896516590239,False,True
60127751,0.03970000,4049.70000000,160.77309000,1766896516590239,False,True
60127752,0.03960000,3275.20000000,129.69792000,1766896555678036,True,True
60127753,0.03960000,5050.50000000,199.99980000,1766896555678036,True,True
60127754,0.03960000,724.40000000,28.68624000,1766896588952992,False,True
60127755,0.03960000,362.20000000,14.34312000,1766896590824396,False,True
60127756,0.03960000,362.20000000,14.34312000,1766896599170241,False,True
60127757,0.03960000,735.70000000,29.13372000,1766896869988916,True,True
60127758,0.03970000,385.30000000,15.29641000,1766897217801801,False,True
60127759,0.03960000,381.70000000,15.11532000,1766897480719540,True,True
60127760,0.03960000,2251.60000000,89.16336000,1766897509647217,True,True
60127761,0.03970000,362.20000000,14.37934000,1766897650093194,False,True
60127762,0.03960000,681.00000000,26.96760000,1766897942003235,True,True
60127763,0.03960000,2545.50000000,100.80180000,1766897942003235,True,True
60127764,0.03960000,2187.40000000,86.62104000,1766897942003235,True,True
60127765,0.03970000,362.20000000,14.37934000,1766897951729401,False,True
60127766,0.03970000,3687.80000000,146.40566000,1766897996759444,False,True
60127767,0.03970000,1125.40000000,44.67838000,1766897996759444,False,True
60127768,0.03970000,382.10000000,15.16937000,1766898026167377,False,True
60127769,0.03970000,382.00000000,15.16540000,1766898026168216,False,True
60127770,0.03970000,362.20000000,14.37934000,1766898054389507,False,True
60127771,0.03970000,2786.00000000,110.60420000,1766898233883998,False,True
60127772,0.03970000,400.60000000,15.90382000,1766898233883998,False,True
60127773,0.03970000,362.20000000,14.37934000,1766898435975749,False,True
60127774,0.03970000,336.20000000,13.34714000,1766898626062496,False,True
60127775,0.03970000,1899.00000000,75.39030000,1766899227868769,False,True
60127776,0.03960000,138.80000000,5.49648000,1766899251754367,True,True
60127777,0.03960000,138.80000000,5.49648000,1766899251754367,True,True
60127778,0.03960000,138.80000000,5.49648000,1766899251754367,True,True
60127779,0.03960000,138.80000000,5.49648000,1766899251754367,True,True
60127780,0.03960000,138.80000000,5.49648000,1766899251754367,True,True
60127781,0.03960000,64.00000000,2.53440000,1766899251754367,True,True
60127782,0.03970000,625.30000000,24.82441000,1766899349985859,False,True
60127783,0.03960000,5050.50000000,199.99980000,1766899824036067,True,True
60127784,0.03960000,230.70000000,9.13572000,1766899828404227,True,True
60127785,0.03960000,724.40000000,28.68624000,1766899843185921,False,True
60127786,0.03960000,2622.20000000,103.83912000,1766899914016322,True,True
60127787,0.03970000,362.20000000,14.37934000,1766900103433772,False,True
60127788,0.03970000,1000.00000000,39.70000000,1766900122736240,False,True
60127789,0.03970000,362.20000000,14.37934000,1766900132114608,False,True
60127790,0.03970000,362.20000000,14.37934000,1766900236837651,False,True
60127791,0.03970000,362.20000000,14.37934000,1766900240270478,False,True
60127792,0.03970000,362.20000000,14.37934000,1766900244129872,False,True
60127793,0.03970000,237.60000000,9.43272000,1766900250905136,False,True
60127794,0.03970000,124.60000000,4.94662000,1766900250905136,False,True
60127795,0.03970000,362.20000000,14.37934000,1766900522203152,False,True
60127796,0.03970000,362.20000000,14.37934000,1766900634991429,False,True
60127797,0.03970000,1448.80000000,57.51736000,1766900857369198,False,True
60127798,0.03960000,166.00000000,6.57360000,1766900858211938,True,True
60127799,0.03970000,251.80000000,9.99646000,1766901069021886,False,True
60127800,0.03970000,1625.00000000,64.51250000,1766901073158302,False,True
60127801,0.03970000,548.20000000,21.76354000,1766901073158302,False,True
60127802,0.03970000,4489.50000000,178.23315000,1766901073158378,False,True
60127803,0.03970000,650.00000000,25.80500000,1766901073158378,False,True
60127804,0.03970000,17427.10000000,691.85587000,1766901073158378,False,True
60127805,0.03970000,9417.60000000,373.87872000,1766901073158530,False,True
60127806,0.03970000,6567.10000000,260.71387000,1766901073158551,False,True
60127807,0.03970000,5954.20000000,236.38174000,1766901073158581,False,True
60127808,0.03970000,2379.00000000,94.44630000,1766901073158629,False,True
60127809,0.03970000,5261.20000000,208.86964000,1766901073158675,False,True
60127810,0.03970000,256.00000000,10.16320000,1766901073158838,False,True
60127811,0.03970000,1000.00000000,39.70000000,1766901073158838,False,True
60127812,0.03970000,150.00000000,5.95500000,1766901073158838,False,True
60127813,0.03970000,139.00000000,5.51830000,1766901073158838,False,True
60127814,0.03980000,5025.10000000,199.99898000,1766901073167337,False,True
60127815,0.03990000,746.30000000,29.77737000,1766901073167562,False,True
60127816,0.03990000,1476.30000000,58.90437000,1766901073167562,False,True
60127817,0.03990000,754.70000000,30.11253000,1766901073168447,False,True
60127818,0.03990000,754.70000000,30.11253000,1766901073168700,False,True
60127819,0.03990000,754.70000000,30.11253000,1766901073168812,False,True
60127820,0.04000000,5713.30000000,228.53200000,1766901073168943,False,True
60127821,0.04000000,202.20000000,8.08800000,1766901073168943,False,True
60127822,0.04000000,214.40000000,8.57600000,1766901073168943,False,True
60127823,0.04000000,306.10000000,12.24400000,1766901073168943,False,True
60127824,0.04000000,316.30000000,12.65200000,1766901073168943,False,True
60127825,0.04000000,5358.30000000,214.33200000,1766901073168943,False,True
60127826,0.04000000,178.60000000,7.14400000,1766901073168943,False,True
60127827,0.04000000,250.00000000,10.00000000,1766901073168943,False,True
60127828,0.04000000,4695.40000000,187.81600000,1766901073168943,False,True
60127829,0.04010000,754.70000000,30.26347000,1766901073169275,False,True
60127830,0.04010000,754.70000000,30.26347000,1766901073169403,False,True
60127831,0.04010000,754.70000000,30.26347000,1766901073169788,False,True
60127832,0.04010000,754.70000000,30.26347000,1766901073170057,False,True
60127833,0.04000000,1043.00000000,41.72000000,1766901073170152,True,True
60127834,0.04010000,754.70000000,30.26347000,1766901073170175,False,True
60127835,0.04000000,977.00000000,39.08000000,1766901073170212,True,True
60127836,0.04010000,754.70000000,30.26347000,1766901073170438,False,True
60127837,0.04010000,10062.80000000,403.51828000,1766901073170565,False,True
60127838,0.04010000,1507.50000000,60.45075000,1766901073171202,False,True
60127839,0.04010000,504.00000000,20.21040000,1766901073171581,False,True
60127840,0.04010000,6237.00000000,250.10370000,1766901073174076,False,True
60127841,0.04010000,1873.00000000,75.10730000,1766901073174303,False,True
60127842,0.04010000,150.00000000,6.01500000,1766901073175161,False,True
60127843,0.04010000,1875.00000000,75.18750000,1766901073176789,False,True
60127844,0.04010000,3995.20000000,160.20752000,1766901073176931,False,True
60127845,0.04010000,9066.30000000,363.55863000,1766901073176931,False,True
60127846,0.04010000,3860.00000000,154.78600000,1766901073176931,False,True
60127847,0.04010000,338.30000000,13.56583000,1766901073176931,False,True
60127848,0.04010000,3540.40000000,141.97004000,1766901073176956,False,True
60127849,0.04010000,2525.20000000,101.26052000,1766901073176956,False,True
60127850,0.04020000,8555.10000000,343.91502000,1766901073177852,False,True
60127851,0.04020000,1432.40000000,57.58248000,1766901073177852,False,True
60127852,0.04020000,1123.00000000,45.14460000,1766901073178181,False,True
60127853,0.04020000,567.10000000,22.79742000,1766901073178221,False,True
60127854,0.04020000,1869.00000000,75.13380000,1766901073178733,False,True
60127855,0.04020000,630.80000000,25.35816000,1766901073179254,False,True
60127856,0.04020000,1516.60000000,60.96732000,1766901073179393,False,True
60127857,0.04020000,12359.50000000,496.85190000,1766901073179509,False,True
60127858,0.04020000,19183.20000000,771.16464000,1766901073179509,False,True
60127859,0.04020000,10892.10000000,437.86242000,1766901073179767,False,True
60127860,0.04020000,174.50000000,7.01490000,1766901073179767,False,True
60127861,0.04020000,178.60000000,7.17972000,1766901073179767,False,True
60127862,0.04020000,248.80000000,10.00176000,1766901073179767,False,True
60127863,0.04030000,1594.00000000,64.23820000,1766901073179767,False,True
60127864,0.04030000,126.20000000,5.08586000,1766901073179767,False,True
60127865,0.04030000,500.00000000,20.15000000,1766901073179767,False,True
60127866,0.04030000,6161.00000000,248.28830000,1766901073180761,False,True
60127867,0.04030000,1726.00000000,69.55780000,1766901073182280,False,True
60127868,0.04020000,912.60000000,36.68652000,1766901073182347,True,True
60127869,0.04030000,2554.20000000,102.93426000,1766901073183289,False,True
60127870,0.04030000,3606.80000000,145.35404000,1766901073183289,False,True
60127871,0.04030000,868.00000000,34.98040000,1766901073183822,False,True
60127872,0.04020000,5885.70000000,236.60514000,1766901073184424,True,True
60127873,0.04020000,475.10000000,19.09902000,1766901073184424,True,True
60127874,0.04020000,25325.60000000,1018.08912000,1766901073184424,True,True
60127875,0.04020000,912.60000000,36.68652000,1766901073185675,True,True
60127876,0.04020000,499.00000000,20.05980000,1766901073185675,True,True
60127877,0.04020000,1235.00000000,49.64700000,1766901073185697,True,True
60127878,0.04030000,6161.00000000,248.28830000,1766901073185818,False,True
60127879,0.04030000,3700.30000000,149.12209000,1766901073185978,False,True
60127880,0.04030000,178.60000000,7.19758000,1766901073185978,False,True
60127881,0.04030000,2282.10000000,91.96863000,1766901073185978,False,True
60127882,0.04020000,499.00000000,20.05980000,1766901073186232,True,True
60127883,0.04020000,475.10000000,19.09902000,1766901073186232,True,True
60127884,0.04010000,20000.00000000,802.00000000,1766901073186961,True,True
60127885,0.04010000,5208.50000000,208.86085000,1766901073186961,True,True
60127886,0.04010000,500.00000000,20.05000000,1766901073186961,True,True
60127887,0.04010000,500.00000000,20.05000000,1766901073186961,True,True
60127888,0.04010000,500.00000000,20.05000000,1766901073186961,True,True
60127889,0.04010000,2490.60000000,99.87306000,1766901073186961,True,True
60127890,0.04010000,316.00000000,12.67160000,1766901073186961,True,True
60127891,0.04010000,320.00000000,12.83200000,1766901073186961,True,True
60127892,0.04010000,375.00000000,15.03750000,1766901073186961,True,True
60127893,0.04020000,499.00000000,20.05980000,1766901073187000,True,True
60127894,0.04020000,1.00000000,0.04020000,1766901073187135,True,True
60127895,0.04020000,319.00000000,12.82380000,1766901073189230,True,True
60127896,0.04020000,319.00000000,12.82380000,1766901073189434,True,True
60127897,0.04020000,740.70000000,29.77614000,1766901073189460,True,True
60127898,0.04020000,367.00000000,14.75340000,1766901073189460,True,True
60127899,0.04020000,369.00000000,14.83380000,1766901073189460,True,True
60127900,0.04020000,257.00000000,10.33140000,1766901073189460,True,True
60127901,0.04020000,383.00000000,15.39660000,1766901073189736,True,True
60127902,0.04010000,1773.00000000,71.09730000,1766901073190979,True,True
60127903,0.04010000,7892.50000000,316.48925000,1766901073190979,True,True
60127904,0.04010000,1059.70000000,42.49397000,1766901073190979,True,True
60127905,0.04010000,460.00000000,18.44600000,1766901073190979,True,True
60127906,0.04010000,1059.70000000,42.49397000,1766901073191284,True,True
60127907,0.04010000,460.00000000,18.44600000,1766901073192069,True,True
60127908,0.04010000,501.20000000,20.09812000,1766901073195052,True,True
60127909,0.04010000,1271.80000000,50.99918000,1766901073195052,True,True
60127910,0.04010000,501.20000000,20.09812000,1766901073195055,True,True
60127911,0.04000000,330.00000000,13.20000000,1766901073197823,True,True
60127912,0.04000000,394.00000000,15.76000000,1766901073197823,True,True
60127913,0.04000000,317.00000000,12.68000000,1766901073197823,True,True
60127914,0.04000000,502.00000000,20.08000000,1766901073207604,True,True
60127915,0.04000000,502.00000000,20.08000000,1766901073208212,True,True
60127916,0.04000000,502.00000000,20.08000000,1766901073208405,True,True
60127917,0.04000000,379.00000000,15.16000000,1766901073210460,True,True
60127918,0.04000000,502.00000000,20.08000000,1766901073210460,True,True
60127919,0.04000000,917.20000000,36.68800000,1766901073210460,True,True
60127920,0.04000000,502.00000000,20.08000000,1766901073210460,True,True
60127921,0.03990000,4050.00000000,161.59500000,1766901073210460,True,True
60127922,0.03990000,11834.20000000,472.18458000,1766901073210460,True,True
60127923,0.03990000,6336.90000000,252.84231000,1766901073210460,True,True
60127924,0.03980000,4050.00000000,161.19000000,1766901073210460,True,True
60127925,0.03980000,6600.90000000,262.71582000,1766901073210460,True,True
60127926,0.03980000,921.80000000,36.68764000,1766901073210460,True,True
60127927,0.03980000,501.30000000,19.95174000,1766901073210460,True,True
60127928,0.03990000,173.00000000,6.90270000,1766901073221803,True,True
60127929,0.03990000,503.00000000,20.06970000,1766901073221803,True,True
60127930,0.03990000,503.00000000,20.06970000,1766901073221803,True,True
60127931,0.03990000,173.00000000,6.90270000,1766901073221936,True,True
60127932,0.03990000,330.00000000,13.16700000,1766901073222104,True,True
60127933,0.03990000,503.00000000,20.06970000,1766901073222842,True,True
60127934,0.03990000,4050.00000000,161.59500000,1766901073263805,False,True
60127935,0.03990000,2119.40000000,84.56406000,1766901073263805,False,True
60127936,0.03990000,1001.20000000,39.94788000,1766901073263805,False,True
60127937,0.03990000,8165.80000000,325.81542000,1766901073263805,False,True
60127938,0.03990000,902.00000000,35.98980000,1766901073293527,False,True
60127939,0.03980000,921.80000000,36.68764000,1766901073318489,True,True
60127940,0.03980000,372.00000000,14.80560000,1766901073318489,True,True
60127941,0.03980000,375.00000000,14.92500000,1766901073318489,True,True
60127942,0.03980000,629.00000000,25.03420000,1766901073318489,True,True
60127943,0.03980000,151.00000000,6.00980000,1766901073318616,True,True
60127944,0.03980000,287.60000000,11.44648000,1766901073319776,True,True
60127945,0.03980000,505.00000000,20.09900000,1766901073319776,True,True
60127946,0.03980000,256.00000000,10.18880000,1766901073319776,True,True
60127947,0.03980000,330.00000000,13.13400000,1766901073319776,True,True
60127948,0.03980000,375.00000000,14.92500000,1766901073319776,True,True
60127949,0.03980000,369.00000000,14.68620000,1766901073319776,True,True
60127950,0.03980000,394.00000000,15.68120000,1766901073319776,True,True
60127951,0.03980000,382.00000000,15.20360000,1766901073319776,True,True
60127952,0.03980000,379.00000000,15.08420000,1766901073319776,True,True
60127953,0.03980000,367.00000000,14.60660000,1766901073319776,True,True
60127954,0.03980000,319.00000000,12.69620000,1766901073319776,True,True
60127955,0.03980000,383.00000000,15.24340000,1766901073319776,True,True
60127956,0.03980000,225.20000000,8.96296000,1766901073319776,True,True
60127957,0.03980000,31.80000000,1.26564000,1766901073319793,True,True
60127958,0.03980000,316.00000000,12.57680000,1766901073319793,True,True
60127959,0.03980000,330.00000000,13.13400000,1766901073319793,True,True
60127960,0.03980000,317.00000000,12.61660000,1766901073319793,True,True
60127961,0.03970000,3230.60000000,128.25482000,1766901073320178,True,True
60127962,0.03970000,503.00000000,19.96910000,1766901073321620,True,True
60127963,0.03980000,1097.80000000,43.69244000,1766901073321799,False,True
60127964,0.03980000,527.50000000,20.99450000,1766901073322514,False,True
60127965,0.03980000,1097.80000000,43.69244000,1766901073323067,False,True
60127966,0.03980000,4297.50000000,171.04050000,1766901073324792,False,True
60127967,0.03980000,505.00000000,20.09900000,1766901073324792,False,True
60127968,0.03980000,4050.00000000,161.19000000,1766901073324792,False,True
60127969,0.03980000,1067.60000000,42.49048000,1766901073324792,False,True
60127970,0.03980000,499.00000000,19.86020000,1766901073370986,False,True
60127971,0.03980000,499.00000000,19.86020000,1766901073372302,False,True
60127972,0.03980000,749.00000000,29.81020000,1766901073372376,False,True
60127973,0.03980000,749.00000000,29.81020000,1766901073373663,False,True
60127974,0.03980000,3459.60000000,137.69208000,1766901073375241,False,True
60127975,0.03980000,4536.40000000,180.54872000,1766901073375241,False,True
60127976,0.03980000,4050.00000000,161.19000000,1766901073664989,True,True
60127977,0.03980000,9569.30000000,380.85814000,1766901073664989,True,True
60127978,0.03980000,1081.00000000,43.02380000,1766901074160195,True,True
60127979,0.03980000,151.00000000,6.00980000,1766901077935680,True,True
60127980,0.03980000,151.00000000,6.00980000,1766901077938021,True,True
60127981,0.03980000,1131.00000000,45.01380000,1766901077940342,True,True
60127982,0.03980000,4985.40000000,198.41892000,1766901077942405,True,True
60127983,0.03980000,1550.60000000,61.71388000,1766901077942405,True,True
60127984,0.03980000,5406.00000000,215.15880000,1766901077944672,True,True
60127985,0.03980000,755.00000000,30.04900000,1766901077947359,True,True
60127986,0.03980000,755.00000000,30.04900000,1766901077949681,True,True
60127987,0.03980000,2132.00000000,84.85360000,1766901077951525,True,True
60127988,0.03980000,1066.00000000,42.42680000,1766901077953880,True,True
60127989,0.03980000,317.10000000,12.62058000,1766901077956404,True,True
60127990,0.03980000,215.90000000,8.59282000,1766901077956404,True,True
60127991,0.03980000,267.00000000,10.62660000,1766901077958831,True,True
60127992,0.03980000,3567.10000000,141.97058000,1766901077961330,True,True
60127993,0.03980000,504.00000000,20.05920000,1766901078660601,True,True
60127994,0.03980000,4050.00000000,161.19000000,1766901078660601,True,True
60127995,0.03970000,316.40000000,12.56108000,1766901078660601,True,True
60127996,0.03970000,377.10000000,14.97087000,1766901078660601,True,True
60127997,0.03970000,377.10000000,14.97087000,1766901078660601,True,True
60127998,0.03970000,1108.10000000,43.99157000,1766901078660601,True,True
60127999,0.03980000,5044.20000000,200.75916000,1766901078664119,False,True
60128000,0.03980000,4050.00000000,161.19000000,1766901078664119,False,True
60128001,0.03980000,5667.00000000,225.54660000,1766901078664119,False,True
60128002,0.03980000,1069.10000000,42.55018000,1766901078664119,False,True
60128003,0.03980000,5044.20000000,200.75916000,1766901078664119,False,True
60128004,0.03980000,4050.00000000,161.19000000,1766901078684943,True,True
60128005,0.03970000,2544.40000000,101.01268000,1766901079287136,True,True
60128006,0.03970000,253.80000000,10.07586000,1766901079311897,True,True
60128007,0.03970000,2813.20000000,111.68404000,1766901079387221,True,True
60128008,0.03970000,506.20000000,20.09614000,1766901079387221,True,True
60128009,0.03970000,1073.00000000,42.59810000,1766901079387221,True,True
60128010,0.03970000,2917.00000000,115.80490000,1766901079387221,True,True
60128011,0.03970000,150.00000000,5.95500000,1766901081143673,True,True
60128012,0.03980000,4050.00000000,161.19000000,1766901082647631,False,True
60128013,0.03980000,1073.00000000,42.70540000,1766901082647631,False,True
60128014,0.03980000,506.20000000,20.14676000,1766901082647631,False,True
60128015,0.03980000,4453.70000000,177.25726000,1766901082647631,False,True
60128016,0.03980000,3462.60000000,137.81148000,1766901082649593,True,True
60128017,0.03990000,3148.00000000,125.60520000,1766901082658448,False,True
60128018,0.03990000,5103.90000000,203.64561000,1766901082658448,False,True
60128019,0.03990000,814.40000000,32.49456000,1766901082658448,False,True
60128020,0.03990000,105.10000000,4.19349000,1766901082667109,False,True
60128021,0.03990000,30627.60000000,1222.04124000,1766901082667109,False,True
60128022,0.03990000,17328.80000000,691.41912000,1766901082669695,False,True
60128023,0.03990000,1253.10000000,49.99869000,1766901082669695,False,True
60128024,0.03990000,1620.00000000,64.63800000,1766901082669695,False,True
60128025,0.04000000,4050.00000000,162.00000000,1766901082687812,False,True
60128026,0.04000000,8165.80000000,326.63200000,1766901082687812,False,True
60128027,0.04000000,377.10000000,15.08400000,1766901082687812,False,True
60128028,0.04000000,377.10000000,15.08400000,1766901082687812,False,True
60128029,0.04000000,372.00000000,14.88000000,1766901082687812,False,True
60128030,0.04000000,375.00000000,15.00000000,1766901082687812,False,True
60128031,0.04000000,317.00000000,12.68000000,1766901082687812,False,True
60128032,0.04000000,369.00000000,14.76000000,1766901082687812,False,True
60128033,0.04000000,320.00000000,12.80000000,1766901082687812,False,True
60128034,0.04000000,319.00000000,12.76000000,1766901082687812,False,True
60128035,0.04000000,330.00000000,13.20000000,1766901082687812,False,True
60128036,0.04000000,394.00000000,15.76000000,1766901082687812,False,True
60128037,0.04000000,257.00000000,10.28000000,1766901082687812,False,True
60128038,0.04000000,761.90000000,30.47600000,1766901082689571,True,True
60128039,0.04000000,2713.50000000,108.54000000,1766901082689574,True,True
60128040,0.04000000,761.90000000,30.47600000,1766901082697801,False,True
60128041,0.04000000,4050.00000000,162.00000000,1766901082697801,False,True
60128042,0.04000000,917.20000000,36.68800000,1766901082697801,False,True
60128043,0.04000000,330.00000000,13.20000000,1766901082697801,False,True
60128044,0.04000000,2496.00000000,99.84000000,1766901082699396,True,True
60128045,0.04000000,1554.00000000,62.16000000,1766901082701082,True,True
60128046,0.04000000,2496.00000000,99.84000000,1766901082701239,True,True
60128047,0.04000000,502.50000000,20.10000000,1766901082703631,True,True
60128048,0.04000000,3547.50000000,141.90000000,1766901082705849,False,True
60128049,0.04000000,502.50000000,20.10000000,1766901082705849,False,True
60128050,0.04010000,4050.00000000,162.40500000,1766901082705849,False,True
60128051,0.04010000,3546.00000000,142.19460000,1766901082705849,False,True
60128052,0.04010000,2690.10000000,107.87301000,1766901082705849,False,True
60128053,0.04010000,5475.70000000,219.57557000,1766901082713975,False,True
60128054,0.04010000,7185.70000000,288.14657000,1766901082713975,False,True
60128055,0.04000000,502.50000000,20.10000000,1766901083160861,True,True
60128056,0.04000000,4050.00000000,162.00000000,1766901083160861,True,True
60128057,0.03990000,4050.00000000,161.59500000,1766901083160861,True,True
60128058,0.03990000,10810.40000000,431.33496000,1766901083160861,True,True
60128059,0.04000000,502.50000000,20.10000000,1766901085707745,False,True
60128060,0.04000000,626.00000000,25.04000000,1766901085707745,False,True
60128061,0.04000000,383.00000000,15.32000000,1766901085707745,False,True
60128062,0.04000000,382.00000000,15.28000000,1766901085707745,False,True
60128063,0.03990000,1500.00000000,59.85000000,1766901085931058,True,True
60128064,0.04000000,250.00000000,10.00000000,1766901088393683,False,True
60128065,0.03990000,1122.50000000,44.78775000,1766901088513667,True,True
60128066,0.04000000,199.60000000,7.98400000,1766901088940957,False,True
60128067,0.03990000,1045.20000000,41.70348000,1766901090426727,True,True
60128068,0.03990000,1500.00000000,59.85000000,1766901096686189,True,True
60128069,0.03990000,8332.20000000,332.45478000,1766901102806978,True,True
60128070,0.03990000,5095.40000000,203.30646000,1766901102815559,True,True
60128071,0.03990000,669.60000000,26.71704000,1766901102815808,True,True
60128072,0.03990000,4425.80000000,176.58942000,1766901102815808,True,True
60128073,0.03990000,586.70000000,23.40933000,1766901102815812,True,True
60128074,0.03990000,477.50000000,19.05225000,1766901102815812,True,True
60128075,0.03990000,919.50000000,36.68805000,1766901102815812,True,True
60128076,0.03990000,1253.10000000,49.99869000,1766901102815812,True,True
60128077,0.03990000,3473.40000000,138.58866000,1766901103002092,True,True
60128078,0.03990000,576.60000000,23.00634000,1766901110253815,True,True
60128079,0.03990000,919.50000000,36.68805000,1766901110253815,True,True
60128080,0.03990000,1425.20000000,56.86548000,1766901110253815,True,True
60128081,0.03990000,3587.30000000,143.13327000,1766901110260434,True,True
60128082,0.03980000,199.60000000,7.94408000,1766901110963776,True,True
60128083,0.03990000,362.20000000,14.45178000,1766901120220847,False,True
60128084,0.03990000,4.80000000,0.19152000,1766901120229150,False,True
60128085,0.03990000,316.00000000,12.60840000,1766901120229150,False,True
60128086,0.03990000,257.00000000,10.25430000,1766901120229150,False,True
60128087,0.03990000,369.00000000,14.72310000,1766901120229150,False,True
60128088,0.03990000,375.00000000,14.96250000,1766901120229150,False,True
60128089,0.03990000,394.00000000,15.72060000,1766901120229150,False,True
60128090,0.03990000,375.00000000,14.96250000,1766901120229150,False,True
60128091,0.03990000,383.00000000,15.28170000,1766901120229150,False,True
60128092,0.03990000,330.00000000,13.16700000,1766901120229150,False,True
60128093,0.03990000,317.00000000,12.64830000,1766901120229150,False,True
60128094,0.03990000,319.00000000,12.72810000,1766901120229150,False,True
60128095,0.03990000,367.00000000,14.64330000,1766901123964865,False,True
60128096,0.03990000,316.00000000,12.60840000,1766901123964865,False,True
60128097,0.03990000,362.20000000,14.45178000,1766901154412446,False,True
60128098,0.03980000,6782.50000000,269.94350000,1766901202459895,True,True
60128099,0.03980000,4050.00000000,161.19000000,1766901202459895,True,True
60128100,0.03980000,375.00000000,14.92500000,1766901202459895,True,True
60128101,0.03980000,257.00000000,10.22860000,1766901202459895,True,True
60128102,0.03980000,372.00000000,14.80560000,1766901202459895,True,True
60128103,0.03980000,375.00000000,14.92500000,1766901202459895,True,True
60128104,0.03980000,376.00000000,14.96480000,1766901202459895,True,True
60128105,0.03980000,394.00000000,15.68120000,1766901202459895,True,True
60128106,0.03980000,366.00000000,14.56680000,1766901202459895,True,True
60128107,0.03980000,383.00000000,15.24340000,1766901202459895,True,True
60128108,0.03980000,330.00000000,13.13400000,1766901202459895,True,True
60128109,0.03980000,9468.60000000,376.85028000,1766901202459895,True,True
60128110,0.03980000,5756.10000000,229.09278000,1766901202460190,True,True
60128111,0.03980000,7906.30000000,314.67074000,1766901202461114,True,True
60128112,0.03980000,330.00000000,13.13400000,1766901202461180,True,True
60128113,0.03980000,367.00000000,14.60660000,1766901202461180,True,True
60128114,0.03980000,420.00000000,16.71600000,1766901202461180,True,True
60128115,0.03980000,316.00000000,12.57680000,1766901202461180,True,True
60128116,0.03980000,502.00000000,19.97960000,1766901202461180,True,True
60128117,0.03980000,376.00000000,14.96480000,1766901202461180,True,True
60128118,0.03980000,385.00000000,15.32300000,1766901202461180,True,True
60128119,0.03980000,369.00000000,14.68620000,1766901202461180,True,True
60128120,0.03980000,383.00000000,15.24340000,1766901202461180,True,True
60128121,0.03980000,368.00000000,14.64640000,1766901202461180,True,True
60128122,0.03980000,234.00000000,9.31320000,1766901202461180,True,True
60128123,0.03980000,143.00000000,5.69140000,1766901202461201,True,True
60128124,0.03980000,369.00000000,14.68620000,1766901202461201,True,True
60128125,0.03980000,331.00000000,13.17380000,1766901202461201,True,True
60128126,0.03980000,163.90000000,6.52322000,1766901202461201,True,True
60128127,0.03980000,206.10000000,8.20278000,1766901202461392,True,True
60128128,0.03980000,367.00000000,14.60660000,1766901202461392,True,True
60128129,0.03980000,327.00000000,13.01460000,1766901202461392,True,True
60128130,0.03980000,370.00000000,14.72600000,1766901202461392,True,True
60128131,0.03980000,368.00000000,14.64640000,1766901202461392,True,True
60128132,0.03980000,379.00000000,15.08420000,1766901202461392,True,True
60128133,0.03980000,327.00000000,13.01460000,1766901202461392,True,True
60128134,0.03980000,501.00000000,19.93980000,1766901202461392,True,True
60128135,0.03980000,386.00000000,15.36280000,1766901202461392,True,True
60128136,0.03980000,330.00000000,13.13400000,1766901202461392,True,True
60128137,0.03980000,386.00000000,15.36280000,1766901202461392,True,True
60128138,0.03980000,2509.40000000,99.87412000,1766901202461392,True,True
60128139,0.03980000,9950.70000000,396.03786000,1766901202461392,True,True
60128140,0.03980000,383.00000000,15.24340000,1766901202461392,True,True
60128141,0.03980000,331.00000000,13.17380000,1766901202461392,True,True
60128142,0.03980000,378.00000000,15.04440000,1766901202461392,True,True
60128143,0.03980000,370.00000000,14.72600000,1766901202461392,True,True
60128144,0.03980000,367.00000000,14.60660000,1766901202461392,True,True
60128145,0.03980000,375.00000000,14.92500000,1766901202461392,True,True
60128146,0.03980000,389.00000000,15.48220000,1766901202461392,True,True
60128147,0.03980000,371.00000000,14.76580000,1766901202461392,True,True
60128148,0.03980000,331.00000000,13.17380000,1766901202461392,True,True
60128149,0.03980000,375.00000000,14.92500000,1766901202461392,True,True
60128150,0.03980000,279.00000000,11.10420000,1766901202461392,True,True
60128151,0.03980000,381.00000000,15.16380000,1766901202461392,True,True
60128152,0.03980000,271.00000000,10.78580000,1766901202461392,True,True
60128153,0.03980000,317.00000000,12.61660000,1766901202461392,True,True
60128154,0.03980000,320.00000000,12.73600000,1766901202461392,True,True
60128155,0.03980000,382.00000000,15.20360000,1766901202461392,True,True
60128156,0.03980000,376.00000000,14.96480000,1766901202461392,True,True
60128157,0.03980000,360.00000000,14.32800000,1766901202461392,True,True
60128158,0.03980000,377.00000000,15.00460000,1766901202461392,True,True
60128159,0.03980000,380.00000000,15.12400000,1766901202461392,True,True
60128160,0.03970000,249.80000000,9.91706000,1766901421107740,True,True
60128161,0.03970000,4050.00000000,160.78500000,1766901421107740,True,True
60128162,0.03970000,2594.30000000,102.99371000,1766901430565249,False,True
60128163,0.03970000,2615.60000000,103.83932000,1766901430567868,False,True
60128164,0.03960000,1261.80000000,49.96728000,1766901470231099,True,True
60128165,0.03960000,251.00000000,9.93960000,1766901470231099,True,True
60128166,0.03960000,19417.00000000,768.91320000,1766901470231099,True,True
60128167,0.03960000,5050.50000000,199.99980000,1766901470231099,True,True
60128168,0.03960000,256.00000000,10.13760000,1766901470231099,True,True
60128169,0.03960000,320.00000000,12.67200000,1766901470231099,True,True
60128170,0.03960000,327.00000000,12.94920000,1766901470231099,True,True
60128171,0.03960000,375.00000000,14.85000000,1766901470231099,True,True
60128172,0.03960000,327.00000000,12.94920000,1766901470231099,True,True
60128173,0.03960000,383.00000000,15.16680000,1766901470231099,True,True
60128174,0.03960000,368.00000000,14.57280000,1766901470231099,True,True
60128175,0.03960000,279.00000000,11.04840000,1766901470231099,True,True
60128176,0.03960000,368.00000000,14.57280000,1766901470231099,True,True
60128177,0.03960000,369.00000000,14.61240000,1766901470231099,True,True
60128178,0.03960000,389.00000000,15.40440000,1766901470231099,True,True
60128179,0.03960000,377.00000000,14.92920000,1766901470231099,True,True
60128180,0.03960000,367.00000000,14.53320000,1766901470231099,True,True
60128181,0.03960000,379.00000000,15.00840000,1766901470231099,True,True
60128182,0.03960000,367.00000000,14.53320000,1766901470231099,True,True
60128183,0.03960000,360.00000000,14.25600000,1766901470231099,True,True
60128184,0.03960000,376.00000000,14.88960000,1766901470231099,True,True
60128185,0.03960000,331.00000000,13.10760000,1766901470231099,True,True
60128186,0.03960000,331.00000000,13.10760000,1766901470231099,True,True
60128187,0.03960000,381.00000000,15.08760000,1766901470231099,True,True
60128188,0.03960000,375.00000000,14.85000000,1766901470231099,True,True
60128189,0.03960000,386.00000000,15.28560000,1766901470231099,True,True
60128190,0.03960000,370.00000000,14.65200000,1766901470231099,True,True
60128191,0.03960000,501.00000000,19.83960000,1766901470231099,True,True
60128192,0.03960000,330.00000000,13.06800000,1766901470231099,True,True
60128193,0.03960000,370.00000000,14.65200000,1766901470231099,True,True
60128194,0.03960000,317.00000000,12.55320000,1766901470231099,True,True
60128195,0.03960000,319.00000000,12.63240000,1766901470231099,True,True
60128196,0.03960000,320.00000000,12.67200000,1766901470231099,True,True
60128197,0.03960000,317.00000000,12.55320000,1766901470231099,True,True
60128198,0.03960000,24081.60000000,953.63136000,1766901470231099,True,True
60128199,0.03960000,318.00000000,12.59280000,1766901470231099,True,True
60128200,0.03960000,10001.00000000,396.03960000,1766901470231099,True,True
60128201,0.03960000,1036.00000000,41.02560000,1766901470232748,False,True
60128202,0.03960000,45089.00000000,1785.52440000,1766901470232779,False,True
60128203,0.03960000,4466.10000000,176.85756000,1766901470232857,False,True
60128204,0.03970000,376.00000000,14.92720000,1766901549329558,False,True
60128205,0.03970000,316.00000000,12.54520000,1766901549329558,False,True
60128206,0.03970000,376.00000000,14.92720000,1766901549329558,False,True
60128207,0.03970000,383.00000000,15.20510000,1766901549329558,False,True
60128208,0.03970000,370.00000000,14.68900000,1766901549329558,False,True
60128209,0.03970000,271.00000000,10.75870000,1766901549329558,False,True
60128210,0.03970000,371.00000000,14.72870000,1766901549329558,False,True
60128211,0.03970000,369.00000000,14.64930000,1766901549329558,False,True
60128212,0.03970000,378.00000000,15.00660000,1766901549329558,False,True
60128213,0.03970000,330.00000000,13.10100000,1766901549329558,False,True
60128214,0.03970000,372.00000000,14.76840000,1766901549329558,False,True
60128215,0.03970000,382.00000000,15.16540000,1766901549329558,False,True
60128216,0.03970000,331.00000000,13.14070000,1766901549329558,False,True
60128217,0.03970000,385.00000000,15.28450000,1766901549329558,False,True
60128218,0.03970000,394.00000000,15.64180000,1766901549329558,False,True
60128219,0.03970000,366.00000000,14.53020000,1766901549329558,False,True
60128220,0.03970000,420.00000000,16.67400000,1766901549329558,False,True
60128221,0.03970000,383.00000000,15.20510000,1766901549329558,False,True
60128222,0.03970000,380.00000000,15.08600000,1766901549329558,False,True
60128223,0.03970000,7204.00000000,285.99880000,1766901549329558,False,True
60128224,0.03970000,2798.20000000,111.08854000,1766901549329694,False,True
60128225,0.03970000,257.00000000,10.20290000,1766901549329694,False,True
60128226,0.03970000,317.00000000,12.58490000,1766901549329694,False,True
60128227,0.03970000,379.00000000,15.04630000,1766901549329694,False,True
60128228,0.03970000,330.00000000,13.10100000,1766901549329694,False,True
60128229,0.03970000,386.00000000,15.32420000,1766901549329694,False,True
60128230,0.03970000,375.00000000,14.88750000,1766901549329694,False,True
60128231,0.03970000,377.00000000,14.96690000,1766901549329694,False,True
60128232,0.03970000,8937.80000000,354.83066000,1766901549329694,False,True
60128233,0.03970000,11764.00000000,467.03080000,1766901549329744,False,True
60128234,0.03970000,11764.00000000,467.03080000,1766901549329761,False,True
60128235,0.03970000,11774.10000000,467.43177000,1766901549329800,False,True
60128236,0.03970000,1060.00000000,42.08200000,1766901549329800,False,True
60128237,0.03970000,367.00000000,14.56990000,1766901549329800,False,True
60128238,0.03970000,502.00000000,19.92940000,1766901549329800,False,True
60128239,0.03970000,375.00000000,14.88750000,1766901549329800,False,True
60128240,0.03970000,78.90000000,3.13233000,1766901549329800,False,True
60128241,0.03970000,304.10000000,12.07277000,1766901549329839,False,True
60128242,0.03970000,256.00000000,10.16320000,1766901549329839,False,True
60128243,0.03970000,377.00000000,14.96690000,1766901549329839,False,True
60128244,0.03970000,320.00000000,12.70400000,1766901549329839,False,True
60128245,0.03980000,4050.00000000,161.19000000,1766901549329839,False,True
60128246,0.03980000,6456.90000000,256.98462000,1766901549329839,False,True
60128247,0.03980000,149.00000000,5.93020000,1766901549331499,False,True
60128248,0.03980000,164.00000000,6.52720000,1766901549331499,False,True
60128249,0.03980000,149.00000000,5.93020000,1766901549331499,False,True
60128250,0.03980000,3588.00000000,142.80240000,1766901549331499,False,True
60128251,0.03980000,1437.10000000,57.19658000,1766901549331657,False,True
60128252,0.03980000,164.00000000,6.52720000,1766901549331657,False,True
60128253,0.03980000,149.00000000,5.93020000,1766901549331657,False,True
60128254,0.03980000,164.00000000,6.52720000,1766901549331657,False,True
60128255,0.03980000,149.00000000,5.93020000,1766901549331657,False,True
60128256,0.03980000,164.00000000,6.52720000,1766901549331657,False,True
60128257,0.03980000,149.00000000,5.93020000,1766901549331657,False,True
60128258,0.03980000,164.00000000,6.52720000,1766901549331657,False,True
60128259,0.03980000,149.00000000,5.93020000,1766901549331657,False,True
60128260,0.03980000,28822.60000000,1147.13948000,1766901549331657,False,True
60128261,0.03980000,15192.80000000,604.67344000,1766901549331748,False,True
60128262,0.03980000,10075.70000000,401.01286000,1766901549333396,False,True
60128263,0.03980000,12377.60000000,492.62848000,1766901549336788,False,True
60128264,0.03980000,502.00000000,19.97960000,1766901549338017,False,True
60128265,0.03980000,502.00000000,19.97960000,1766901549338157,False,True
60128266,0.03980000,502.00000000,19.97960000,1766901549338384,False,True
60128267,0.03980000,502.00000000,19.97960000,1766901549341419,False,True
60128268,0.03990000,3687.80000000,147.14322000,1766901549346048,False,True
60128269,0.03990000,5012.50000000,199.99875000,1766901549346048,False,True
60128270,0.03990000,3967.70000000,158.31123000,1766901549346048,False,True
60128271,0.03990000,250.60000000,9.99894000,1766901553521751,False,True
60128272,0.03980000,2587.40000000,102.97852000,1766901553558066,True,True
60128273,0.03980000,1462.60000000,58.21148000,1766901554664089,True,True
60128274,0.03980000,479.80000000,19.09604000,1766901554664089,True,True
60128275,0.03980000,504.00000000,20.05920000,1766901554664089,True,True
60128276,0.03980000,921.80000000,36.68764000,1766901554664089,True,True
60128277,0.03980000,9761.30000000,388.49974000,1766901554664089,True,True
60128278,0.03980000,504.00000000,20.05920000,1766901554664089,True,True
60128279,0.03980000,504.00000000,20.05920000,1766901554664089,True,True
60128280,0.03980000,504.00000000,20.05920000,1766901554664089,True,True
60128281,0.03980000,331.00000000,13.17380000,1766901554664089,True,True
60128282,0.03980000,7824.80000000,311.42704000,1766901554664089,True,True
60128283,0.03980000,15269.00000000,607.70620000,1766901554664239,True,True
60128284,0.03980000,376.00000000,14.96480000,1766901554664256,True,True
60128285,0.03980000,368.00000000,14.64640000,1766901554664256,True,True
60128286,0.03980000,386.00000000,15.36280000,1766901554664256,True,True
60128287,0.03980000,383.00000000,15.24340000,1766901554664256,True,True
60128288,0.03980000,367.00000000,14.60660000,1766901554664256,True,True
60128289,0.03980000,372.00000000,14.80560000,1766901554664256,True,True
60128290,0.03980000,330.00000000,13.13400000,1766901554664256,True,True
60128291,0.03980000,380.00000000,15.12400000,1766901554664256,True,True
60128292,0.03980000,383.00000000,15.24340000,1766901554664256,True,True
60128293,0.03980000,327.00000000,13.01460000,1766901554664256,True,True
60128294,0.03980000,271.00000000,10.78580000,1766901554664256,True,True
60128295,0.03980000,327.00000000,13.01460000,1766901554664256,True,True
60128296,0.03980000,331.00000000,13.17380000,1766901554664256,True,True
60128297,0.03980000,420.00000000,16.71600000,1766901554664256,True,True
60128298,0.03980000,394.00000000,15.68120000,1766901554664256,True,True
60128299,0.03980000,376.00000000,14.96480000,1766901554664256,True,True
60128300,0.03980000,375.00000000,14.92500000,1766901554664256,True,True
60128301,0.03980000,331.00000000,13.17380000,1766901554664256,True,True
60128302,0.03980000,369.00000000,14.68620000,1766901554664256,True,True
60128303,0.03980000,360.00000000,14.32800000,1766901554664256,True,True
60128304,0.03980000,375.00000000,14.92500000,1766901554664256,True,True
60128305,0.03980000,375.00000000,14.92500000,1766901554664256,True,True
60128306,0.03980000,385.00000000,15.32300000,1766901554664256,True,True
60128307,0.03980000,330.00000000,13.13400000,1766901554664256,True,True
60128308,0.03980000,257.00000000,10.22860000,1766901554664256,True,True
60128309,0.03980000,389.00000000,15.48220000,1766901554664256,True,True
60128310,0.03980000,382.00000000,15.20360000,1766901554664256,True,True
60128311,0.03980000,317.00000000,12.61660000,1766901554664256,True,True
60128312,0.03980000,502.00000000,19.97960000,1766901554664256,True,True
60128313,0.03980000,381.00000000,15.16380000,1766901554664256,True,True
60128314,0.03980000,330.00000000,13.13400000,1766901554664256,True,True
60128315,0.03980000,370.00000000,14.72600000,1766901554664256,True,True
60128316,0.03980000,366.00000000,14.56680000,1766901554664256,True,True
60128317,0.03980000,471.00000000,18.74580000,1766901554664256,True,True
60128318,0.03980000,30.00000000,1.19400000,1766901554664312,True,True
60128319,0.03980000,317.00000000,12.61660000,1766901554664312,True,True
60128320,0.03980000,316.00000000,12.57680000,1766901554664312,True,True
60128321,0.03980000,9950.70000000,396.03786000,1766901554664312,True,True
60128322,0.03980000,4655.30000000,185.28094000,1766901554664312,True,True
60128323,0.03980000,369.80000000,14.71804000,1766901554664376,True,True
60128324,0.03980000,375.00000000,14.92500000,1766901554664376,True,True
60128325,0.03980000,369.00000000,14.68620000,1766901554664376,True,True
60128326,0.03980000,370.00000000,14.72600000,1766901554664376,True,True
60128327,0.03980000,367.00000000,14.60660000,1766901554664376,True,True
60128328,0.03980000,368.00000000,14.64640000,1766901554664376,True,True
60128329,0.03980000,318.00000000,12.65640000,1766901554664376,True,True
60128330,0.03980000,376.00000000,14.96480000,1766901554664376,True,True
60128331,0.03980000,320.00000000,12.73600000,1766901554664376,True,True
60128332,0.03980000,320.00000000,12.73600000,1766901554664376,True,True
60128333,0.03980000,367.00000000,14.60660000,1766901554664376,True,True
60128334,0.03980000,279.00000000,11.10420000,1766901554664376,True,True
60128335,0.03980000,379.00000000,15.08420000,1766901554664376,True,True
60128336,0.03970000,4050.00000000,160.78500000,1766901554664376,True,True
60128337,0.03970000,6641.20000000,263.65564000,1766901554664376,True,True
60128338,0.03970000,3358.80000000,133.34436000,1766901554664381,True,True
60128339,0.03970000,9097.20000000,361.15884000,1766901554664381,True,True
60128340,0.03970000,12527.00000000,497.32190000,1766901554664387,True,True
60128341,0.03980000,2211.00000000,87.99780000,1766901554666087,False,True
60128342,0.03970000,925.00000000,36.72250000,1766901554680433,True,True
60128343,0.03970000,3125.00000000,124.06250000,1766901554686146,True,True
60128344,0.03970000,504.00000000,20.00880000,1766901554689572,True,True
60128345,0.03970000,756.00000000,30.01320000,1766901554691820,True,True
60128346,0.03970000,2790.00000000,110.76300000,1766901554692759,True,True
60128347,0.03960000,329.00000000,13.02840000,1766901554696413,True,True
60128348,0.03960000,427.00000000,16.90920000,1766901554696784,True,True
60128349,0.03960000,340.80000000,13.49568000,1766901554698550,True,True
60128350,0.03960000,163.20000000,6.46272000,1766901554698550,True,True
60128351,0.03960000,756.00000000,29.93760000,1766901554701666,True,True
60128352,0.03970000,377.00000000,14.96690000,1766901558068926,False,True
60128353,0.03970000,706.70000000,28.05599000,1766901558068926,False,True
60128354,0.03970000,386.00000000,15.32420000,1766901558068926,False,True
60128355,0.03970000,4050.00000000,160.78500000,1766901558068926,False,True
60128356,0.03970000,257.00000000,10.20290000,1766901558068926,False,True
60128357,0.03970000,377.00000000,14.96690000,1766901558068926,False,True
60128358,0.03970000,369.00000000,14.64930000,1766901558068926,False,True
60128359,0.03970000,376.00000000,14.92720000,1766901558068926,False,True
60128360,0.03970000,380.00000000,15.08600000,1766901558068926,False,True
60128361,0.03970000,376.00000000,14.92720000,1766901558068926,False,True
60128362,0.03970000,383.00000000,15.20510000,1766901558068926,False,True
60128363,0.03970000,375.00000000,14.88750000,1766901558068926,False,True
60128364,0.03970000,372.00000000,14.76840000,1766901558068926,False,True
60128365,0.03970000,317.00000000,12.58490000,1766901558068926,False,True
60128366,0.03970000,383.00000000,15.20510000,1766901558068926,False,True
60128367,0.03970000,367.00000000,14.56990000,1766901558068926,False,True
60128368,0.03970000,366.00000000,14.53020000,1766901558068926,False,True
60128369,0.03970000,375.00000000,14.88750000,1766901558068926,False,True
60128370,0.03970000,331.00000000,13.14070000,1766901558068926,False,True
60128371,0.03970000,420.00000000,16.67400000,1766901558068926,False,True
60128372,0.03970000,4060.30000000,161.19391000,1766901558068926,False,True
60128373,0.03970000,39571.40000000,1570.98458000,1766901558068981,False,True
60128374,0.03970000,316.00000000,12.54520000,1766901558068981,False,True
60128375,0.03970000,271.00000000,10.75870000,1766901558068981,False,True
60128376,0.03970000,320.00000000,12.70400000,1766901558068981,False,True
60128377,0.03970000,382.00000000,15.16540000,1766901558068981,False,True
60128378,0.03970000,317.00000000,12.58490000,1766901558068981,False,True
60128379,0.03970000,502.00000000,19.92940000,1766901558068981,False,True
60128380,0.03970000,330.00000000,13.10100000,1766901558068981,False,True
60128381,0.03970000,394.00000000,15.64180000,1766901558068981,False,True
60128382,0.03970000,385.00000000,15.28450000,1766901558068981,False,True
60128383,0.03970000,330.00000000,13.10100000,1766901558068981,False,True
60128384,0.03970000,10002.20000000,397.08734000,1766901558068981,False,True
60128385,0.03970000,370.00000000,14.68900000,1766901558068981,False,True
60128386,0.03970000,378.00000000,15.00660000,1766901558068981,False,True
60128387,0.03970000,383.00000000,15.20510000,1766901558068981,False,True
60128388,0.03970000,379.00000000,15.04630000,1766901558068981,False,True
60128389,0.03970000,319.00000000,12.66430000,1766901558068981,False,True
60128390,0.03970000,256.00000000,10.16320000,1766901558068981,False,True
60128391,0.03970000,371.00000000,14.72870000,1766901558068981,False,True
60128392,0.03970000,317.00000000,12.58490000,1766901558068981,False,True
60128393,0.03980000,4050.00000000,161.19000000,1766901558071717,False,True
60128394,0.03980000,4975.80000000,198.03684000,1766901558071717,False,True
60128395,0.03980000,6378.20000000,253.85236000,1766901558071717,False,True
60128396,0.03970000,784.40000000,31.14068000,1766901569181923,True,True
60128397,0.03970000,143.90000000,5.71283000,1766901600696927,True,True
60128398,0.03970000,335.90000000,13.33523000,1766901609185140,True,True
60128399,0.03960000,152.00000000,6.01920000,1766901609187888,True,True
60128400,0.03960000,152.00000000,6.01920000,1766901609188450,True,True
60128401,0.03960000,152.00000000,6.01920000,1766901609188647,True,True
60128402,0.03960000,152.00000000,6.01920000,1766901609189392,True,True
60128403,0.03970000,2573.10000000,102.15207000,1766901752339601,False,True
60128404,0.03970000,379.10000000,15.05027000,1766901784464028,False,True
60128405,0.03970000,388.80000000,15.43536000,1766901784569214,False,True
60128406,0.03970000,362.20000000,14.37934000,1766901907055243,False,True
60128407,0.03970000,362.20000000,14.37934000,1766901910055329,False,True
60128408,0.03970000,5006.30000000,198.75011000,1766901911449871,False,True
60128409,0.03970000,9825.70000000,390.08029000,1766901911449871,False,True
60128410,0.03970000,162.10000000,6.43537000,1766901911449938,False,True
60128411,0.03970000,383.00000000,15.20510000,1766901911449938,False,True
60128412,0.03970000,377.00000000,14.96690000,1766901911449938,False,True
60128413,0.03970000,317.00000000,12.58490000,1766901911449938,False,True
60128414,0.03970000,371.00000000,14.72870000,1766901911449938,False,True
60128415,0.03970000,370.00000000,14.68900000,1766901911449938,False,True
60128416,0.03970000,378.00000000,15.00660000,1766901911449938,False,True
60128417,0.03970000,377.00000000,14.96690000,1766901911449938,False,True
60128418,0.03970000,386.00000000,15.32420000,1766901911449938,False,True
60128419,0.03980000,502.00000000,19.97960000,1766901911449938,False,True
60128420,0.03980000,4050.00000000,161.19000000,1766901911449938,False,True
60128421,0.03980000,6078.90000000,241.94022000,1766901911449938,False,True
60128422,0.03970000,287.40000000,11.40978000,1766902158585456,True,True
60128423,0.03980000,260.90000000,10.38382000,1766902163908943,False,True
60128424,0.03970000,228.00000000,9.05160000,1766902338562159,True,True
60128425,0.03970000,184.00000000,7.30480000,1766902342102117,True,True
60128426,0.03970000,258.00000000,10.24260000,1766902359798974,True,True
60128427,0.03980000,256.00000000,10.18880000,1766902627092882,False,True
60128428,0.03980000,46.20000000,1.83876000,1766902627092882,False,True
60128429,0.03970000,2292.50000000,91.01225000,1766902646201818,True,True
60128430,0.03980000,330.80000000,13.16584000,1766902846990146,False,True
60128431,0.03980000,386.00000000,15.36280000,1766902846990146,False,True
60128432,0.03980000,370.00000000,14.72600000,1766902846990146,False,True
60128433,0.03980000,378.00000000,15.04440000,1766902846990146,False,True
60128434,0.03980000,383.00000000,15.24340000,1766902846990146,False,True
60128435,0.03980000,377.00000000,15.00460000,1766902846990146,False,True
60128436,0.03980000,371.00000000,14.76580000,1766902846990146,False,True
60128437,0.03980000,174.00000000,6.92520000,1766902846990146,False,True
60128438,0.03980000,144.00000000,5.73120000,1766902862789258,True,True
60128439,0.03980000,145.00000000,5.77100000,1766902870015905,True,True
60128440,0.03980000,145.00000000,5.77100000,1766902892696142,True,True
60128441,0.03980000,8620.20000000,343.08396000,1766902912044581,True,True
60128442,0.03970000,800.10000000,31.76397000,1766902912068437,True,True
60128443,0.03970000,924.10000000,36.68677000,1766902912068437,True,True
60128444,0.03970000,4611.40000000,183.07258000,1766902912068437,True,True
60128445,0.03970000,7077.40000000,280.97278000,1766902912068437,True,True
60128446,0.03970000,17797.00000000,706.54090000,1766902912068440,True,True
60128447,0.03980000,362.20000000,14.41556000,1766902912238447,False,True
60128448,0.03980000,524.50000000,20.87510000,1766902956103785,False,True
60128449,0.03980000,724.40000000,28.83112000,1766902959252470,False,True
60128450,0.03970000,1885.00000000,74.83450000,1766903145684182,True,True
60128451,0.03980000,307.10000000,12.22258000,1766903282654699,False,True
60128452,0.03980000,55.10000000,2.19298000,1766903282654699,False,True
60128453,0.03980000,362.20000000,14.41556000,1766903341411614,False,True
60128454,0.03980000,362.20000000,14.41556000,1766903453486945,False,True
60128455,0.03980000,724.40000000,28.83112000,1766903460404306,False,True
60128456,0.03980000,232.00000000,9.23360000,1766903460516376,False,True
60128457,0.03980000,209.00000000,8.31820000,1766903460520090,False,True
60128458,0.03980000,299.00000000,11.90020000,1766903461444379,False,True
60128459,0.03980000,199.00000000,7.92020000,1766903461445438,False,True
60128460,0.03980000,203.00000000,8.07940000,1766903462539716,False,True
60128461,0.03980000,173.00000000,6.88540000,1766903463257411,False,True
60128462,0.03980000,301.00000000,11.97980000,1766903469744531,False,True
60128463,0.03980000,343.00000000,13.65140000,1766903471039773,False,True
60128464,0.03980000,321.00000000,12.77580000,1766903471343817,False,True
60128465,0.03980000,214.00000000,8.51720000,1766903471344850,False,True
60128466,0.03980000,174.00000000,6.92520000,1766903471807012,False,True
60128467,0.03980000,174.00000000,6.92520000,1766903471807719,False,True
60128468,0.03980000,209.00000000,8.31820000,1766903471856827,False,True
60128469,0.03980000,305.00000000,12.13900000,1766903479045355,False,True
60128470,0.03980000,173.00000000,6.88540000,1766903479146161,False,True
60128471,0.03980000,724.40000000,28.83112000,1766903479325526,False,True
60128472,0.03980000,1622.00000000,64.55560000,1766903479325692,False,True
60128473,0.03980000,206.00000000,8.19880000,1766903479325692,False,True
60128474,0.03980000,164.00000000,6.52720000,1766903479325692,False,True
60128475,0.03980000,479.80000000,19.09604000,1766903505597714,True,True
60128476,0.03980000,362.20000000,14.41556000,1766903626433289,False,True
60128477,0.03970000,3270.40000000,129.83488000,1766903680483317,True,True
60128478,0.03980000,362.20000000,14.41556000,1766903700303657,False,True
60128479,0.03980000,362.20000000,14.41556000,1766903717132198,False,True
60128480,0.03990000,1086.60000000,43.35534000,1766903751013160,False,True
60128481,0.03990000,362.20000000,14.45178000,1766903753915498,False,True
60128482,0.03990000,362.20000000,14.45178000,1766903830851502,False,True
60128483,0.03980000,2601.30000000,103.53174000,1766903849919730,True,True
